3325 5342
436 604 730 672 CARMINUM
761 603 917 669 LIBER
949 604 999 670 ll.

371 738 460 802 Deos
475 731 617 817 lacesso,
630 756 690 798 nec
703 746 871 824 potentem
886 732 1029 802 amicum

468 846 631 938 Largiora
647 844 778 938 flagito,

370 960 457 1029 Satis
470 957 588 1026 beatus
602 959 709 1026 unicis
722 959 864 1027 Sabinis.

467 1070 631 1139 Truditur
645 1070 714 1139 dies
728 1073 800 1158 die,

372 1188 539 1277 Novaeque
553 1172 695 1277 pergunt
708 1184 843 1251 interire
857 1183 949 1252 lunae.

469 1300 520 1365 Tu
535 1295 674 1364 secanda
689 1319 854 1362 marmora

373 1415 475 1479 locas
490 1409 550 1476 sub
566 1407 675 1500 ipsum
691 1406 805 1493 funus,
819 1422 869 1494 et,
883 1409 1024 1502 sepulcri

465 1525 664 1606 Immemor,
678 1520 776 1589 struis
789 1519 925 1609 domm,
1056 1526 1060 1529 ’

371 1637 538 1728 Manisque
552 1635 642 1703 Baiis
657 1635 877 1728 obstrepentis
890 1662 989 1731 urges

464 1752 679 1818 Summovere
694 1747 810 1836 litora,
859 1826 862 1831 ¹

371 1869 493 1933 Parum
508 1861 656 1956 locuples
669 1864 860 1931 continente
873 1865 954 1956 ripa.

467 1976 579 2065 Quid,
593 1975 684 2070 quod
697 2000 803 2069 usque
817 1978 987 2070 proximos

374 2088 513 2159 Revellis
527 2090 600 2185 agri
616 2090 794 2175 terminos,
807 2104 841 2158 et
854 2087 942 2158 ultra

468 2204 608 2273 Limites
621 2203 794 2273 clientium

371 2315 454 2387 Salis
468 2316 607 2385 avarus?
620 2315 755 2410 pellitur
768 2331 923 2410 paternos

468 2435 509 2499 In
523 2431 598 2499 sinu
613 2430 720 2499 ferens
733 2434 824 2500 Deos

373 2549 416 2614 Et
429 2569 529 2630 uxor,
542 2558 575 2612 et
588 2544 656 2630 sir,
669 2544 886 2638 sordidosque
899 2559 1003 2617 natos.

470 2656 572 2728 Nulla
585 2658 707 2725 certior
719 2672 830 2728 tamen

373 2772 515 2865 Rapacis
528 2771 610 2840 Orci
624 2769 690 2839 fine
704 2769 867 2841 destinata

469 2882 555 2954 Aula
571 2883 707 2953 divitem
721 2900 835 2954 manet

374 3003 509 3067 Herum.
524 2997 615 3086 Quid
629 2996 720 3067 ultro
734 2997 866 3068 tendis?
878 3024 973 3093 aequa
987 2999 1084 3069 tellus

468 3112 608 3204 Pauperi
623 3110 806 3182 recluditur

375 3227 568 3319 Regumque
581 3226 711 3318 pueris;
725 3200 787 3294 mic
800 3224 929 3295 satelles
943 3229 1024 3296 Orci

471 3335 638 3407 Callidum
652 3339 852 3408 Promethea

376 3451 529 3537 Revexit‚
542 3475 625 3520 auro
640 3466 766 3544 captus.
781 3453 846 3521 Hic
860 3454 1038 3546 superbum

469 3564 666 3651 Tantalum,
679 3580 780 3659 atque
793 3564 924 3635 Tantali

378 3681 492 3748 Genus
506 3693 652 3764 coercet;
664 3679 720 3749 hic
733 3679 842 3750 levare
855 3680 1005 3749 functum

473 3794 654 3886 Pauperem
670 3792 839 3862 laboribus

378 3907 523 3974 Vooetus
537 3920 636 3999 atque
650 3932 717 3974 non
733 3922 868 3976 vocatus
882 3906 984 3974 audit.

1161 629 1202 699 71
