3325 5342
407 792 477 835 200
634 767 676 851 o.
711 760 936 829 nonnam
968 759 1164 826 renum
1313 706 1395 816 ni

406 899 455 964 Ex
469 896 557 964 vitiis
569 914 674 962 unum
684 943 694 977 ,
706 888 759 958 cui
775 890 802 957 si
816 886 997 957 concedere
1011 884 1126 972 nolis,

406 1007 513 1077 Multa
528 1021 700 1100 poetarum
714 1002 825 1071 veniat
837 1013 974 1086 manus,
986 997 1110 1067 auxilio
1125 1024 1198 1093 quae

406 1120 456 1188 sit
470 1115 571 1202 mibi,
584 1142 660 1185 uam
676 1113 782 1183 multo
797 1112 909 1206 plures
923 1136 1054 1197 sumus,
1067 1136 1106 1180 ac
1121 1111 1221 1180 veluti
1236 1126 1269 1180 te

405 1230 509 1299 Judaei
523 1254 679 1323 cogemus
692 1227 727 1295 in
743 1227 828 1295 hanc
841 1225 1020 1293 concedere
1033 1224 1175 1293 turbam.

406 1472 1388 1500 ΜΜΜΜΜΚΜΜΜΜὶἋἏὶΜΒἊΜΜΜΜ

731 1667 974 1754 SATIRA
1012 1670 1068 1755 V.

407 1912 596 1977 Ecuessnu
606 1926 730 1999 magna
745 1903 803 1972 me
810 1906 938 1998 excepit
953 1905 1064 1973 Aricia
1078 1908 1202 1992 Roma,
1229 1954 1232 1957 -

406 2020 559 2112 Hospitio
574 2016 724 2103 modico,
738 2017 851 2085 rhetor
864 2042 974 2086 comes
988 2015 1204 2103 Heliodorus,

407 2137 600 2202 Graecorum
616 2131 714 2226 longe
728 2130 947 2199 doctissimus,
963 2129 1045 2198 Inde
1059 2135 1181 2199 Forum
1198 2132 1303 2223 Appi,

406 2244 586 2313 Differtum
603 2244 731 2329 nautis,
744 2243 951 2336 cauponibus
964 2256 1064 2335 atque
1077 2242 1241 2337 malignis.

406 2359 554 2427 Hoc'iter
569 2358 678 2452 ignavi
695 2357 885 2443 divisimus,
898 2355 998 2425 altius
1010 2381 1050 2424 uc
1065 2382 1124 2425 nos

406 2472 595 2541 Praecinctis
608 2496 723 2540 unum.
738 2472 853 2541 Minus
868 2486 916 2540 est
931 2472 1040 2565 gravis
1055 2472 1163 2565 Appia
1176 2470 1288 2539 tardis.

406 2584 469 2651 Hic
482 2607 562 2677 ego,
575 2598 712 2676 propter
725 2606 863 2676 aquam,
875 2580 966 2677 quod
980 2598 1050 2652 erat
1064 2583 1255 2671 deterrima,
1269 2585 1373 2653 ventri

406 2695 523 2763 Indico
537 2693 681 2781 bellum,
695 2710 861 2763 coenantes
875 2695 966 2791 haud
979 2696 1093 2764 animo
1106 2721 1202 2790 aequo

405 2811 605 2901 Exspectans
619 2808 764 2876 comites.
778 2812 852 2876 lam
867 2833 932 2876 nox
946 2807 1102 2877 inducere
1116 2811 1212 2877 terris
1296 2890 1301 2897 Δ

405 2919 549 2988 Umbras
563 2934 594 2988 et
609 2918 691 2988 coelo
706 2919 893 2987 diffundere
907 2920 1001 3012 signa
1015 2921 1170 3012 parabat;

404 3037 490 3102 Tum
505 3034 599 3127 pueri
614 3034 741 3119 nautis,
755 3034 866 3125 pueris
879 3033 1028 3100 convicia
1043 3049 1150 3102 nautae

404 3149 568 3240 Ingerere.
582 3187 631 3199 --
643 3150 718 3214 Huc
731 3145 869 3239 appelle.
884 3186 931 3196 —
944 3147 1269 3235 Trecentos-inseris,
1281 3145 1360 3216 ohe!

403 3261 477 3326 lam
492 3260 570 3327 satis
583 3272 640 3328 est.
654 3299 703 3310 -
715 3261 807 3327 Dum
817 3263 865 3326 'aes
878 3257 1037 3352 exigitur,
1052 3257 1131 3327 dum
1146 3259 1236 3328 mula
1250 3259 1387 3354 ligatur,

404 3375 489 3455 Tota
501 3374 570 3441 abit
584 3372 676 3442 bora.
691 3371 773 3442 Mali
788 3372 909 3441 culices
926 3397 1078 3466 ranaeque
1092 3372 1253 3466 palustres

405 3489 567 3554 Avertunt
581 3513 723 3556 somnos.
739 3488 918 3557 Absentem
933 3502 969 3555 ut
984 3502 1096 3556 cantat
1108 3488 1248 3556 amicam

403 3598 511 3667 Multa
524 3599 674 3694 prolutus
688 3626 794 3695 vappa
809 3615 929 3687 nauta,
942 3615 1041 3694 atque
1054 3601 1163 3669 viator

404 3707 582 3800 Certatim3
596 3714 728 3784 tandem
743 3714 847 3783 fessus
861 3713 1008 3782 dormire
1023 3716 1129 3782 viator

402 3824 542 3917 Incipit,
555 3850 594 3893 ac
607 3827 713 3895 missae
727 3842 858 3921 pastum
873 3826 1054 3896 retinacula
1068 3826 1166 3896 mulae

401 3941 513 4007 Nauta
526 3940 619 4032 piger
633 3965 711 4008 saxo
726 3940 861 4035 religat,
875 3943 1047 4036 stertitque
1062 3942 1209 4034 supinus.
1312 3986 1316 3995 ι

401 4057 539 4144 Jamque
554 4053 623 4122 dics
636 4055 767 4139 aderat,
781 4055 828 4124 nil
844 4082 946 4148 quum
962 4056 1140 4151 procedere
1154 4056 1288 4125 lintrem

401 4165 585 4253 Sentimus3
598 4166 703 4235 donec
716 4168 906 4236 cerebrosus
922 4168 1051 4260 prosilit
1065 4195 1168 4254 unus,
