3325 5342
400 584 483 710 '188
627 642 670 727 Q.
702 637 928 707 HORATll
961 636 1163 706 FLACCI
1320 644 1397 691 cm

413 771 498 840 Huic
512 771 539 839 si
553 769 698 838 mutonis
711 767 818 835 verbis
833 764 918 834 maia
932 779 1024 834 tanta
1038 765 1163 835 videnti

413 886 546 953 Diceret
558 884 627 951 haec
637 881 782 950 animus:
793 877 912 967 «Quid
928 879 978 946 vis
989 877 1072 946 tibi?
1083 880 1248 974 numquid
1259 906 1322 975 ego
1333 908 1353 952 a
1364 898 1398 952 te

323 1008 328 1017 “
412 1028 428 1061 «
443 1002 568 1091 Magno
582 1008 781 1090 prognatum
795 992 938 1085 deposco
950 991 1086 1061 consule
1099 1018 1264 1081 cunnum,

412 1140 429 1174 ι(
442 1109 662 1200 velatumque
675 1104 758 1174 stola
771 1157 781 1191 ,
793 1128 866 1173 mea
880 1129 985 1198 quum
999 1103 1186 1174 conferbuit
1201 1105 1271 1175 ira?
1283 1138 1300 1173 n

413 1222 505 1311 Quid
519 1216 753 1314 responderet?
764 1246 781 1281 u
795 1221 921 1311 Magno
934 1231 1028 1311 patre
1042 1232 1118 1286 nata
1132 1217 1242 1311 puelia
1254 1235 1312 1290 est
1326 1251 1343 1285 n

413 1340 455 1406 At
468 1348 594 1429 quanto
607 1331 747 1402 meliora
761 1346 892 1417 monet,
905 1331 1154 1425 pugnantiaque
1167 1332 1254 1419 istis,

412 1450 514 1518 Dives
527 1448 600 1541 opis
613 1460 732 1515 natura
745 1470 829 1531 sure,
842 1445 869 1513 si
884 1459 920 1513 tu
934 1445 1035 1514 modo
1049 1460 1135 1513 recte

414 1563 614 1655 Dispensare
628 1558 725 1646 velis,
738 1584 776 1628 ac
790 1584 858 1627 non
873 1558 1031 1653 fugienda
1045 1559 1194 1652 petendis

414 1671 619 1744 lmmiscere!
634 1678 708 1743 Tuo
720 1674 822 1759 vitio,
836 1697 1009 1757 rerumne,
1022 1671 1169 1758 iabores,

415 1786 470 1858 Nil
485 1787 607 1856 referre
619 1785 738 1880 putas?
750 1811 871 1881 quare,
885 1811 927 1854 ne
939 1787 1098 1879 poeuiteat
1110 1800 1160 1873 te,

415 1899 539 1968 Desine
551 1913 719 1967 matronas
733 1898 903 1984 sectarier,
915 1897 1005 1967 uude
1019 1896 1141 1967 laboris

416 2011 495 2083 Plus
508 2013 642 2082 haurire
655 2011 734 2081 maii
748 2026 815 2096 est,
827 2037 927 2105 quam
941 2036 981 2080 ex
996 2037 1030 2080 re
1044 2011 1218 2106 decerpere
1231 2010 1366 2081 fructus.

292 2220 295 2225 Ι
416 2130 485 2197 Nec
498 2127 603 2221 magis
617 2125 695 2194 huic
707 2126 821 2195 niveos
835 2127 921 2194 inter
933 2125 1120 2219 viridesque
1133 2124 1280 2220 lapillos,

416 2238 628 2326 Sitlicethcc,
637 2239 1399 2326 Cerinthe,tuum,tenerumestsemurautcrus

417 2354 568 2439 Rectius3
580 2368 678 2448 atque
691 2354 790 2422 etiam
804 2351 923 2423 melius
936 2377 1080 2447 persaepe
1091 2367 1219 2447 togatae.

416 2464 509 2533 Adde
523 2465 605 2551 huc,
618 2465 708 2560 quod
722 2490 864 2534 mercem
879 2465 949 2535 sine
962 2464 1046 2535 fucis
1060 2479 1182 2560 gestat,
1194 2479 1324 2558 aperte,

417 2577 518 2667 Quod
526 2578 639 2648 venale
646 2578 930 2667 habet,cstendit;
938 2580 1094 2675 neque,si
1101 2579 1317 2674 quidhonesti
1324 2593 1388 2662 est,

416 2695 522 2761 lactat
534 2691 698 2786 habetque
711 2692 838 2786 palem,
851 2694 968 2787 quaerit
981 2719 1048 2787 quo
1061 2694 1173 2787 turpia
1185 2691 1277 2762 celet

464 2805 610 2898 Regibus
623 2806 678 2874 hic
691 2831 763 2875 mos
776 2806 913 2901 est‚[ubi
926 2831 1029 2901 equos
1040 2822 1246 2892 mercantur,
1256 2820 1389 2900 opertos

417 2918 618 3012 Inspiciunt;
631 2945 691 3005 ne,
705 2921 732 2988 si
747 2919 864 3007 facies,
876 2934 914 2989 ut
927 2946 1029 3015 saepe,
1043 2921 1162 2990 decora

416 3028 512 3098 Motti
526 3030 608 3100 fulta
623 3032 706 3126 pede
718 3047 785 3119 est,
798 3047 981 3127 emptorem
996 3033 1131 3103 inducat
1144 3033 1306 3119 hiantem,

417 3142 517 3230 Quod
528 3141 673 3237 pulchrae
684 3143 813 3231 clunes,
824 3146 923 3214 breve
934 3145 1025 3240 quod
1037 3160 1153 3240 caput,
1164 3146 1269 3216 ardua
1280 3145 1400 3214 cervia

416 3258 487 3324 Hoc
501 3255 547 3324 itti
563 3272 658 3327 reete.
672 3262 723 3329 Ne
737 3259 887 3352 corporis
900 3260 1025 3354 optima
1039 3260 1178 3353 Lynceis

416 3370 648 3465 Contempiere
660 3371 784 3459 oculis,
796 3377 936 3466 Hypsaea
949 3374 1066 3442 caecior
1079 3372 1135 3441 ilia

416 3481 500 3568 Quae
512 3483 599 3553 maia
611 3501 690 3555 sunt
702 3502 837 3581 spectes.
853 3515 870 3551 ι(
885 3490 917 3556 Ο
930 3484 1022 3556 crus!
1037 3513 1058 3555 ο
1072 3481 1223 3555 brachia!
1239 3509 1383 3552 »verum

416 3597 579 3688 Depygis,
593 3613 726 3686 nasuta,
739 3598 830 3668 brevi
845 3598 947 3669 latere
960 3624 999 3669 ac
1011 3600 1094 3693 pede
1108 3598 1208 3692 longo
1221 3612 1279 3667 est.

416 3708 595 3795 Matronae,
607 3726 726 3803 praeter
739 3712 855 3782 faciem
865 3765 876 3799 ,
888 3712 935 3781 nit
951 3737 1085 3781 eernere
1098 3712 1222 3806 possis,

416 3819 559 3903 Coetera,
572 3821 607 3887 ui
621 3823 716 3891 Catia
728 3839 794 3910 eet,
807 3824 949 3893 demissa
963 3840 1053 3894 veste
1066 3825 1216 3918 tegentis.

416 3932 449 3999 Si
465 3931 640 4002 interdicta
653 3951 761 4027 petes,
774 3937 861 4007 vallo
875 3939 1099 4025 circumdata,
1113 3963 1188 4006 nam
1203 3950 1236 4003 te

416 4047 488 4112 Hoc
501 4044 579 4113 facit
592 4045 764 4133 insanum,
777 4050 889 4119 multae
903 4052 963 4118 tibi
978 4067 1048 4120 tum
1063 4049 1209 4119 officient
1225 4072 1296 4127 res;
