3325 5342
484 647 547 716 130

705 647 747 732 Q.
779 646 1005 712 nonarrr
1037 646 1233 714 rnaccr

622 781 736 845 Fortes
749 787 904 842 creantur
917 773 1075 859 fortibus,
1087 788 1120 843 et
1133 774 1231 844 bonis

620 895 678 960 Est
691 891 725 959 in
735 889 903 982 juvencis,
916 903 966 957 est
979 890 1013 957 in
1027 890 1123 984 equis
1134 905 1266 983 patrum

668 1007 803 1088 Virtus,
816 1028 878 1072 noc
891 1002 1057 1073 imbellem
1072 1005 1195 1075 lerooes

716 1121 942 1210 Progenerant
953 1115 1072 1210 aquile
1084 1115 1280 1187 oolurnbarn.

621 1337 782 1440 Doclrina
796 1369 854 1439 sed
867 1370 934 1437 virn
947 1385 1121 1461 promovet
1135 1370 1286 1457 insitam,

620 1483 779 1576 Rectique
790 1478 899 1550 culms
912 1494 1046 1574 pectora
1059 1480 1236 1567 roborant3

667 1597 856 1685 Utcumque
868 1591 1015 1661 defecere
1028 1616 1155 1679 mores,

714 1705 924 1776 Dedecoraut
937 1705 1021 1774 bene
1035 1720 1113 1775 nata
1125 1704 1238 1798 mlpae.

616 1953 708 2042 Quid
722 1954 858 2040 debeas,
870 1980 891 2024 o
905 1958 1030 2041 Roma,
1042 1957 1249 2043 Neronibus,

615 2067 721 2135 Testis
733 2069 925 2136 Metaurum
939 2068 1081 2155 flumen,
1094 2083 1127 2138 et
1139 2068 1325 2139 Hasdrubal

663 2183 841 2269 Berisum,
853 2197 887 2251 et
900 2182 1039 2276 pulcher
1052 2183 1175 2278 fugatis

713 2292 773 2363 llle
786 2294 857 2364 dies
870 2297 968 2365 Latio
980 2297 1142 2382 tenebris,

616 2545 684 2633 Qui
698 2545 826 2637 primus
840 2543 929 2613 alma
942 2546 1015 2614 risit
1026 2545 1167 2632 adorea,

616 2659 719 2727 Dirus
732 2683 792 2753 per
805 2658 904 2728 urbes
918 2658 999 2729 Afer
1012 2674 1050 2729 ut
1063 2659 1179 2746 Italas,

665 2774 736 2840 Ceu
749 2770 885 2839 flamma
897 2795 956 2864 per
970 2771 1087 2858 toedas,
1099 2770 1149 2839 vel
1164 2775 1273 2841 Eurus

712 2888 775 2954 Per
787 2883 913 2954 Siculas
927 2886 1089 2979 equitavit
1100 2884 1214 2954 undas.

617 3128 694 3194 Post
708 3123 772 3194 hoc
784 3122 937 3193 secundis
949 3145 1055 3216 usque
1068 3120 1239 3193 laboribus

615 3241 766 3307 Romana
779 3239 884 3333 pubes
896 3238 1020 3324 erevit,
1029 3252 1063 3306 et
1077 3236 1180 3331 impio

663 3356 800 3422 Vastata
814 3357 993 3423 Poenorum
1006 3349 1151 3421 tumultu

712 3469 803 3535 Fana
815 3470 905 3537 Deos
919 3466 1064 3536 habuere
1079 3479 1201 3551 rectos,

615 3707 773 3802 Dixitque
787 3709 921 3778 tandem
936 3708 1083 3803 perfidus
1095 3706 1279 3778 Hannibal:

616 3851 633 3885 u
647 3824 762 3908 Cervi,
775 3822 931 3918 luporum
945 3823 1057 3918 pueda
1069 3821 1254 3917 rapacium,

665 3965 682 3999 «
695 3940 865 4007 ὃοεωηυτ
878 3938 984 4024 ultro,
997 3963 1080 4033 quos
1093 3939 1223 4032 opimus

713 4079 730 4112 α
745 4051 869 4121 Fallere
883 4067 916 4118 et
929 4053 1075 4147 ellirgere
1086 4067 1135 4121 est
1149 4048 1343 4143 triumphus.
