3325 5342
452 644 521 715 330
679 643 720 730 Q.
753 638 979 708 HORATII
1012 638 1207 709 FLACCI

450 779 491 843 ln
505 797 635 843 suenum
650 772 768 840 missos
781 792 859 839 curu
873 792 995 862 magno
1009 766 1157 861 pondere
1170 792 1302 856 versus,

451 892 518 957 Aut
530 909 638 979 operae
651 881 765 953 celeris
778 882 921 950 nimium
934 904 1080 974 curaque
1093 882 1253 969 carentis,

453 1004 521 1069 Aut
534 999 693 1092 ignorate
708 993 830 1088 premit
843 994 925 1065 uitis
938 992 1077 1062 uimine
1090 994 1190 1087 turpi.

500 1114 577 1182 Non
592 1109 702 1204 quivis
714 1108 805 1177 videt
819 1105 1037 1176 immodulete
1049 1107 1334 1202 poeumtujude13

452 1228 495 1292 Et
508 1223 584 1291 datu
598 1220 759 1291 Romanis
772 1220 869 1289 venia
882 1234 932 1288 est
946 1217 1085 1314 indigua
1098 1219 1214 1313 poeti&

453 1336 625 1406 Idcirouue
638 1359 754 1430 vager,
767 1333 977 1428 scribamque
991 1331 1149 1403 licenter?
1161 1337 1213 1404 An
1227 1359 1344 1403 omues

426 1443 430 1448 ’
452 1451 593 1520 Visuros
605 1462 738 1543 peccata
753 1461 868 1541 putem
881 1470 973 1532 meu,
986 1459 1096 1533 tutus,
1107 1461 1141 1516 et
1154 1446 1243 1516 intre

454 1567 553 1658 Spem
567 1563 671 1632 venie
683 1560 822 1631 cautus?
835 1559 948 1631 Vitevi
960 1559 1104 1654 denique
1117 1560 1267 1655 euripum,

380 1761 383 1767 Ι
454 1677 531 1744 Νοιι
546 1673 676 1743 laudem
691 1675 806 1743 merui.
821 1676 891 1743 Vos
904 1671 1105 1766 exemplaria
1118 1675 1234 1743 Gueoe

454 1791 627 1860 Nocturna
640 1801 768 1857 versate
779 1810 902 1874 manu,
915 1799 1043 1855 versate
1056 1786 1184 1855 diurne

455 1902 500 1970 At
513 1901 613 1969 vestri
626 1899 742 1993 proavi
757 1897 930 1968 Plautinos
942 1912 976 1968 et
990 1922 1145 1968 uumerus
1157 1912 1190 1967 et

454 2013 647 2084 Laudavere
660 2011 761 2100 eules,
775 2013 917 2081 nimium
931 2012 1094 2107 patienter
1106 2025 1302 2107 utrumque,

454 2128 506 2198 Ne
519 2126 627 2195 dicam
642 2125 759 2214 stulte,
772 2125 903 2212 mirati3
917 2127 944 2196 si
958 2126 1059 2196 modu
1071 2150 1134 2222 ego
1147 2140 1181 2197 et
1194 2149 1253 2197 vos

454 2240 584 2309 Scimus
597 2239 801 2310 inurbanum
815 2237 927 2334 lepido
940 2263 1100 2336 seponere
1112 2240 1220 2327 dicte,

455 2353 726 2447 legitimumque
738 2376 859 2422 sonum
873 2351 986 2448 digitis
1000 2351 1158 2423 callemus
1170 2367 1203 2423 et
1215 2375 1305 2423 aure

440 2469 444 2478 ⁴
505 2466 662 2559 Ignotum
676 2465 809 2561 tragice
823 2489 929 2560 genus
941 2465 1104 2536 invenisse
1116 2467 1270 2535 Camenae

455 2578 603 2664 Dicitur,
616 2595 650 2649 et
662 2577 820 2673 plaustris
834 2580 959 2649 vexisse
972 2595 1125 2674 poemata
1137 2579 1293 2675 Thespis,

456 2692 541 2780 Quae
554 2708 710 2762 canerent
722 2710 924 2789 agerentque
937 2696 1091 2788 peruncti
1104 2694 1237 2764 saecibtu
1250 2718 1320 2763 ore,

456 2809 534 2878 Post
548 2806 638 2875 hunc
649 2830 799 2903 pereonae
811 2807 973 2902 pelleque
986 2823 1136 2903 repertor
1149 2808 1294 2877 houeete

456 2921 628 3016 AEschyiue
639 2936 674 2991 et
687 2923 827 2993 modicis
841 2925 994 2994 instravit
1008 2923 1136 3020 pulpita
1149 2924 1268 3019 tignis,

455 3036 499 3103 Et
513 3034 626 3106 docuit
639 3061 865 3132 magnumque
878 3036 987 3132 loqui,
1001 3038 1129 3132 nitique
1141 3037 1314 3107 cothurno.

456 3150 618 3221 Successit
630 3166 725 3222 vetus
738 3153 790 3222 his
803 3153 984 3241 uomoedia,
997 3178 1065 3222 non
1079 3154 1150 3223 siue
1164 3152 1268 3223 multa

456 3265 588 3351 Laude3
601 3266 659 3336 sed
673 3268 708 3335 in
722 3267 840 3337 vitium
855 3265 991 3338 libertus
1002 3267 1143 3354 excidit,
1156 3282 1188 3338 et
1201 3269 1269 3336 vim

456 3377 603 3472 Dignam
614 3377 690 3475 ,lege
703 3381 783 3476 regi.
796 3384 868 3451 Lex
880 3395 930 3451 est
943 3396 1093 3476 accepta,
1107 3380 1295 3474 chorusque

456 3492 613 3585 Turpiter
626 3493 784 3582 obticuit,
796 3492 929 3565 subluto
939 3494 1016 3588 jure
1029 3492 1181 3564 nocendi.

456 3602 513 3675 Nil
528 3605 726 3677 intentatum
741 3607 847 3677 nostri
861 3605 988 3702 liquere
1001 3621 1123 3702 poetoe3

457 3719 527 3787 Nec
540 3718 717 3790 minimum
731 3746 881 3791 meruere
894 3721 1012 3809 decus,
1027 3720 1165 3815 vestigia
1178 3722 1296 3789 Graece

456 3830 535 3898 Ausi
551 3830 716 3917 deserere,
729 3849 763 3904 et
775 3832 942 3904 celebrere
955 3833 1136 3904 domestica
1148 3831 1253 3918 fecta,

456 3941 518 4012 vel
533 3946 591 4036 qui
604 3962 794 4040 praetextus,
807 3948 859 4018 vei
874 3948 932 4043 qui
946 3947 1089 4019 docuere
1103 3960 1240 4042 togatas.

456 4055 526 4125 Nec
540 4056 661 4125 virtute
674 4058 760 4127 foret
772 4059 911 4130 clarisve
924 4061 1094 4153 potentius
1106 4058 1224 4142 ermis,

1342 661 1366 693 ν.
1386 647 1443 693 2⁶0
