3325 5342
467 688 537 761 266
694 687 736 775 Q.
768 684 992 753 HORATll
1023 685 1219 754 FLACCI
1376 706 1407 737 v·
1429 691 1468 755 7⁵

465 820 587 891 Omnia
602 832 634 885 te
647 814 820 885 adversum
835 812 1033 907 spectantia,
1047 812 1140 882 nulla
1154 829 1346 886 retrorsum.

466 933 580 1003 Bellua
586 929 768 999 multorum
775 952 810 995 es
816 925 973 1021 capitum
981 928 1068 996 Nam
1076 927 1158 1020 quid
1165 929 1373 1021 sequarlaut
1379 929 1513 1024 quem?

465 1051 545 1116 Pars
558 1045 732 1114 homiuum
747 1042 845 1137 gestit
857 1040 1043 1109 conducere
1057 1039 1207 1135 publica3
1221 1059 1300 1112 sunt
1312 1047 1374 1139 qui

466 1159 592 1228 Frustis
605 1171 638 1226 et
650 1156 757 1250 pomis
770 1154 887 1223 viduas
899 1167 1062 1222 venentur
1073 1178 1207 1240 avaras,

467 1272 705 1365 Excipiamque
718 1293 829 1352 senes,
842 1292 926 1361 quos
941 1268 975 1336 in
989 1267 1114 1336 vivaria
1126 1269 1278 1357 mittant3

466 1383 582 1454 Multis
596 1382 727 1453 occulto
739 1381 857 1452 crescit
870 1404 921 1449 res
935 1379 1058 1450 senore.
1073 1384 1198 1450 Verum

468 1502 565 1584 Esto,
578 1497 651 1566 aliis
664 1496 746 1566 alios
760 1496 860 1565 rebus
872 1494 1056 1589 studiisque
1069 1497 1192 1583 teneri,

467 1610 572 1680 Iidem
585 1610 700 1680 eadem
713 1624 854 1704 possunt
866 1609 983 1678 horam
998 1609 1119 1678 durare
1130 1609 1331 1702 probantes?

466 1723 588 1796 Nullus
602 1724 636 1791 in
649 1724 732 1792 orbe
744 1724 836 1792 sinus
850 1724 939 1792 Baiis
952 1720 1108 1817 praelucet
1118 1724 1273 1810 amoenis,

468 1838 504 1908 Si
518 1838 602 1906 dixit
616 1837 724 1922 dives,
738 1835 829 1905 lacus
841 1851 876 1906 et
888 1861 980 1906 mare
992 1837 1093 1905 sentit
1105 1861 1251 1908 amorem

469 1950 666 2020 Festinantis
680 1949 770 2036 heri,
783 1950 836 2019 cui
851 1950 879 2018 si
892 1950 1009 2018 vitiosa
1023 1947 1127 2022 libido

469 2064 596 2134 Fecerit
609 2064 813 2157 auspicium,
825 2087 899 2132 cras
912 2063 1112 2133 ferramenta
1123 2066 1272 2133 Teanum

469 2177 624 2261 Tolletis,
636 2175 732 2247 fabri.
747 2180 869 2246 Lectus
884 2175 1022 2271 genialis
1036 2177 1071 2244 in
1084 2174 1160 2245 aula
1173 2175 1244 2245 est?

470 2291 525 2362 Nil
539 2291 585 2359 ait
598 2314 668 2359 esse
681 2290 792 2383 prius,
804 2288 923 2358 melius
937 2288 985 2358 nil
999 2288 1115 2358 ooelibe
1127 2288 1213 2375 vita;

471 2405 506 2473 Si
521 2430 588 2473 uon
601 2419 668 2490 est,
678 2406 771 2497 jurat
782 2404 868 2472 bene
881 2401 960 2472 solis
972 2427 1042 2473 esse
1055 2403 1192 2472 maritis.

470 2521 549 2607 Quo
563 2531 691 2589 teneam
705 2517 816 2587 vultus
829 2530 1013 2587 mutantem
1025 2521 1143 2586 Protea
1157 2514 1269 2584 nodo?

471 2629 564 2722 Quid
577 2629 722 2726 pauper?
734 2631 816 2701 ride.
828 2633 940 2700 Mutat
953 2629 1140 2715 coenacula,
1153 2629 1272 2715 lectos,

472 2744 610 2833 Balnea,
623 2761 790 2833 tonsores3
802 2744 969 2815 conducto
983 2745 1118 2840 navigio
1131 2769 1224 2838 reque

472 2863 616 2932 Nauseat
629 2885 667 2930 ac
681 2859 846 2954 locuples,
860 2884 959 2954 quem
973 2857 1065 2928 ducit
1078 2859 1172 2953 priva
1185 2857 1337 2926 triremis.

473 2974 507 3043 Si
521 2988 654 3043 curatus
668 2971 821 3066 inaequali
835 2986 968 3041 tonsore
980 2970 1117 3065 capillos

473 3089 632 3174 Occumi,
644 3088 750 3174 rides3
762 3087 790 3155 si
804 3086 890 3156 forte
903 3085 1066 3156 subucula
1079 3110 1170 3179 pexa

472 3202 563 3270 Trita
578 3201 690 3271 subest
702 3200 842 3286 tunicae,
853 3198 905 3269 vel
919 3200 946 3269 si
961 3214 1039 3294 toga
1052 3197 1188 3268 dissidet
1202 3197 1325 3288 impar,

473 3311 588 3382 Rides:
602 3313 701 3407 quid,
714 3337 787 3381 mea
800 3336 905 3406 quum
918 3326 1045 3407 pugnat
1059 3310 1221 3392 sententia
1234 3306 1369 3376 secum?

472 3429 573 3518 Quod
587 3431 698 3523 petiit,
711 3430 854 3524 spernit;
870 3430 1006 3523 repetit,
1019 3427 1108 3523 quod
1122 3452 1229 3521 nuper
1241 3423 1376 3494 omisit?

472 3547 617 3625 AEstuat,
629 3557 663 3613 et
675 3545 750 3613 vitae
763 3543 970 3613 disconvenit
983 3540 1100 3611 ordine
1115 3539 1209 3609 toto?

472 3656 604 3742 Diruit,
616 3656 774 3741 edificat,
786 3670 894 3725 mutat
909 3654 1069 3749 quadrata
1083 3651 1257 3722 rotundis?

472 3771 621 3839 lnsauire
634 3786 731 3864 putas
745 3769 919 3840 sollemnia
933 3795 1004 3856 me,
1017 3793 1124 3862 neque
1138 3767 1243 3852 rides,

471 3885 542 3955 Nec
554 3882 674 3951 medici
687 3883 811 3967 credis,
824 3907 887 3952 uec
899 3881 1062 3951 curatoris
1074 3904 1172 3974 egere

472 4000 652 4091 Apraetore
666 3998 752 4082 dati,
767 4023 878 4067 rerum
892 3995 996 4067 tutela
1009 4019 1160 4065 mearum

473 4113 588 4201 Quum
601 4110 661 4198 sis,
674 4126 707 4180 et
720 4136 820 4204 prave
833 4127 957 4183 sectum
971 4110 1185 4182 stomacheris
1198 4107 1242 4176 ob
1256 4130 1407 4199 unguem
