3325 5342
237 675 260 705 v·
281 659 329 705 ¹¹³
403 653 717 722 SATIRARUM
749 653 907 719 LIBER
939 653 988 719 11.
1020 650 1052 719 6.
1152 649 1220 721 253

236 791 379 857 Currere
393 808 454 878 per
468 798 576 852 toturn
590 782 702 876 pavidi
716 780 889 867 conclave,
903 783 1075 876 magisque

236 903 413 971 Exanimes
427 899 612 992 trepidare,
626 896 723 967 simul
738 898 856 966 domus
870 898 938 967 alta
951 897 1107 967 Molossis

237 1016 414 1084 Personuit
426 1014 574 1082 canibus.
588 1016 675 1080 Turn
689 1012 849 1081 rusticus:
865 1011 991 1081 «Haud
1005 1012 1088 1081 mihi
1102 1015 1167 1081 vita

238 1158 255 1192 n
265 1132 324 1197 Est
336 1152 420 1221 opus
434 1127 514 1211 hae,
526 1127 591 1207 ait,
604 1140 638 1193 et
651 1125 777 1211 valeas3
791 1150 844 1194 me
857 1124 939 1193 silva
953 1150 1118 1218 cavesque

239 1245 371 1310 «Tutus
384 1241 426 1308 ab
441 1239 569 1308 insidiis
583 1239 673 1307 tenui
689 1238 851 1306 solabitur
864 1263 951 1308 ervo.
963 1270 979 1303 n

241 1492 1221 1515 Mtissmmmmmmmmmssm

529 1683 772 1772 SATIRA
815 1686 927 1770 VII.

656 1944 802 1989 navus

239 2042 438 2106 Jrnnnnusr
453 2036 623 2120 auscult03
636 2049 670 2102 et
683 2034 819 2128 cupiens
835 2035 895 2102 tihi
911 2034 1020 2103 dicere
1034 2060 1146 2104 servus

240 2154 364 2234 Pauca,
378 2149 566 2218 reformido.

620 2284 848 2329 nonarius.

582 2373 762 2444 Davusne?

658 2510 804 2557 navus

779 2603 849 2687 lta,
862 2603 994 2686 Davus,
1008 2602 1152 2669 ornicum

239 2717 444 2810 Mancipinm
459 2715 617 2799 domino,
630 2729 663 2782 et
677 2713 785 2809 frugi,
799 2714 889 2808 quod
904 2715 947 2783 sit
960 2715 1056 2799 satis,
1070 2714 1133 2784 hoo
1146 2732 1211 2801 est,

240 2833 286 2898 Ut
300 2828 399 2898 vitale
411 2843 516 2923 putes.

617 2964 848 3010 HORATHJS.

536 3057 624 3149 Age,
638 3054 791 3123 libertate
804 3055 1002 3140 Decembri,

241 3168 387 3257 Quando
402 3169 447 3236 ita
461 3168 601 3259 majores
616 3167 814 3253 voluerunt,
827 3184 940 3252 utere,
953 3194 1061 3237 narra.

660 3305 807 3353 Davus

240 3396 321 3461 Pars
335 3392 510 3460 hominum
524 3393 614 3461 vitiis
628 3393 751 3488 gaudet
765 3408 973 3478 constanter,
986 3409 1019 3463 et
1033 3410 1130 3489 urget

239 3505 471 3598 Propositum
483 3531 560 3599 pars
573 3505 680 3577 inulta
694 3522 804 3594 natat,
817 3507 918 3577 modo
933 3524 1022 3578 recta
1037 3534 1207 3603 capesseus

241 3618 413 3689 Interdum
428 3621 538 3713 pravis
552 3622 708 3691 obnoxia.
722 3625 816 3716 Saepe
830 3637 964 3693 notatus

240 3736 326 3802 Cum
342 3734 595 3823 tribusanellis‚
610 3736 710 3806 modo
724 3736 804 3806 laeva
817 3738 949 3807 Priscus
965 3739 1074 3822 inari,

238 3847 334 3915 Vixit
347 3847 537 3941 inaequalis,
550 3849 682 3919 clavum
698 3866 735 3919 ut
747 3865 893 3919 mutaret
906 3852 941 3918 in
955 3851 1054 3918 horas
1062 3894 1077 3933 ‚-

242 3960 379 4029 AEdibus
392 3986 432 4029 ex
446 3964 576 4056 magnis
589 3965 700 4033 subito
715 3989 749 4033 se
763 3964 938 4048 conderet,
952 3963 1039 4032 unde

239 4074 399 4141 Mundior
411 4076 514 4144 exiret
531 4077 586 4145 vix
601 4076 776 4149 libertinus
790 4078 939 4145 honestes
