3325 5342
272 703 295 733 v·
314 700 365 749 ²9⁰
578 680 673 749 ARS
703 676 939 748 POETICA.
1182 675 1245 745 331

272 816 383 901 Quam
399 809 532 905 lingue,
544 809 699 894 Latium,
713 807 741 876 si
755 830 823 875 uon
837 802 1021 874 offenderet
1034 826 1156 871 unum·

272 930 448 1020 Quemque
460 937 633 1018 poetarum
648 920 735 990 linus
749 919 845 989 labor
858 932 892 988 et
904 941 1008 986 more
1023 919 1111 1003 Vos,
1123 941 1144 985 o

273 1038 456 1134 Pompilius
469 1036 622 1133 sanguis,
633 1058 768 1105 carmen
783 1029 1031 1126 reprehendite,
1044 1030 1136 1124 quod
1149 1055 1217 1099 non

273 1152 381 1224 Multa
395 1152 465 1222 dies
476 1166 511 1222 et
523 1150 629 1222 multu
642 1148 744 1220 litura
754 1145 920 1230 coercuit,
932 1159 1032 1238 atque

274 1265 460 1335 Perfectum
474 1264 582 1334 decies
596 1286 664 1332 non
678 1259 852 1355 castigavit
865 1255 908 1326 ad
922 1280 1079 1351 unguem.

322 1378 498 1472 Ingenium
513 1377 632 1446 misera
644 1374 723 1468 quin
737 1371 940 1444 fortunatius
952 1383 1024 1438 arte

275 1488 408 1575 Credit,
421 1502 454 1558 et
465 1488 612 1560 excludit
624 1511 721 1559 sonos
734 1485 896 1557 Helicone
914 1496 1029 1577 poetes

274 1602 504 1688 Democritus,
516 1602 606 1671 boun
618 1624 695 1694 pers
709 1624 777 1669 non
791 1622 922 1693 ungues
934 1620 1059 1691 ponere
1071 1609 1183 1682 curet,

275 1715 352 1784 Nou
366 1712 522 1800 herbum,
536 1727 661 1784 secreta
673 1713 757 1806 petit
770 1710 862 1796 loca,
874 1706 993 1779 balneo
1005 1709 1096 1778 vitat

275 1826 493 1898 Nanciscetur
505 1825 595 1896 enim
609 1826 754 1919 pretium
768 1847 960 1917 nomenque
972 1836 1095 1917 poete,

278 1939 313 2008 Si
326 1938 434 2009 tribus
446 1938 611 2033 Anticyris
625 1953 725 2033 caput
738 1935 924 2010 insanabile
937 1961 1119 2031 numquam

277 2053 419 2122 Tonsori
432 2052 551 2121 Licino
564 2053 777 2122 commiserit.
790 2056 823 2122 O
837 2074 900 2145 ego
914 2048 1031 2134 laevus,

279 2164 348 2253 Qui
362 2187 489 2257 purgor
501 2161 601 2233 bilem
616 2164 677 2233 sub
690 2165 783 2234 verni
798 2164 959 2257 temporis
973 2161 1107 2233 horum!

279 2280 356 2349 Non
370 2274 455 2345 alius
468 2275 589 2346 feceret
602 2273 739 2345 meliora
752 2290 924 2369 poemata3
937 2300 1052 2345 verum

279 2389 337 2462 Nil
350 2388 435 2458 tanti
448 2402 506 2458 est
519 2390 610 2483 Ergo
624 2387 745 2483 fungor
758 2388 829 2458 vioe
842 2387 944 2475 cotis,
956 2403 1092 2458 acutum

281 2500 432 2570 Reddere
445 2524 519 2594 quse
532 2499 658 2569 ferrum
671 2498 775 2587 valet,
787 2524 901 2570 exsors
914 2501 984 2594 ipsa
998 2500 1149 2587 secundi,

280 2617 406 2684 Munus
418 2627 452 2683 et
463 2612 631 2699 officium,
645 2611 692 2682 nit
708 2613 855 2684 scribens
868 2613 956 2707 ipse,
968 2612 1112 2698 docebo;

280 2726 380 2797 Unde
393 2740 552 2821 parentur
564 2751 660 2820 opes;
673 2726 756 2821 quid
769 2724 838 2797 alut
850 2726 1038 2821 formetque
1051 2741 1201 2822 poetnm3

282 2836 375 2926 Quid
390 2837 520 2922 deceat,
531 2836 614 2932 quid
627 2862 714 2924 non;
727 2862 794 2932 quo
807 2837 931 2923 virtus,
945 2863 1012 2933 quo
1025 2838 1109 2908 ferat
1121 2863 1223 2908 error.

329 2950 502 3022 Scribendi
518 2965 604 3020 recte
618 2975 732 3045 sapere
744 2966 839 3022 estet
854 2953 1056 3049 principium
1069 2967 1103 3023 et
1115 2952 1200 3023 fons.

282 3069 366 3135 Rem
378 3065 440 3134 tibi
454 3065 629 3136 Socration
642 3080 800 3161 poterunt
812 3065 986 3136 ostendere
998 3066 1138 3151 charte,

282 3178 460 3273 Verbaque
473 3180 639 3272 provisam
654 3204 725 3250 rem
737 3204 807 3249 non
822 3180 925 3250 invite
938 3192 1126 3274 sequentur.

283 3293 351 3381 Qui
366 3292 483 3363 didicit
497 3294 612 3388 petriae
625 3293 708 3388 quid
721 3293 857 3382 debent,
869 3308 903 3365 et
915 3293 998 3389 quid
1010 3294 1143 3380 amicis,

283 3409 361 3494 Quo
375 3408 419 3476 sit
430 3431 544 3477 umore
556 3432 695 3502 parens,
708 3433 776 3502 quo
790 3408 893 3479 freter
904 3407 1067 3479 amandus
1080 3423 1115 3478 et
1127 3407 1265 3501 hospes,

283 3519 386 3609 Quod
399 3521 442 3590 sit
454 3521 651 3616 conscripti,
664 3522 755 3616 quod
765 3522 889 3616 judicis
902 3522 1069 3608 officium,
1082 3546 1156 3617 quae

283 3635 397 3701 Partes
411 3632 445 3701 in
459 3633 583 3704 bellum
598 3635 689 3704 missi
704 3634 817 3721 ducis3
830 3633 887 3706 ille
899 3634 1049 3729 profecto

284 3745 435 3816 Reddere
447 3771 594 3842 personae
608 3749 669 3819 scit
682 3750 912 3822 convenientis
926 3750 1055 3844 cuique.

284 3859 458 3953 Respicere
470 3859 638 3956 exemplar
650 3863 726 3933 vitoe
739 3887 937 3959 morumque
946 3861 1073 3955 jubebo

283 3975 430 4044 Doctum
445 3973 664 4065 imitatorem,
676 3991 710 4048 et
721 3978 814 4048 vim
827 3976 908 4047 hinc
920 3976 1041 4047 ducere
1054 3999 1159 4046 voces.

285 4085 456 4156 Interdum
470 4089 617 4181 speciose
631 4088 729 4178 iocis,
743 4105 939 4185 morataque
952 4104 1040 4161 recte
