3325 5342
279 782 370 816 am
462 763 774 832 SATIRARUM
806 765 1021 835 LIBERI.
1054 769 1087 850 4.
1199 792 1266 862 199

277 926 293 961 (ι
307 896 449 966 Perdere
464 894 540 988 quis
552 892 670 962 velit.»
683 896 713 962 A
727 893 817 987 turpi
831 896 1014 964 meretricis
1027 922 1140 966 amore

276 1126 327 1192 Ne
341 1146 497 1215 sequerer
511 1120 672 1204 moechas,
687 1145 842 1189 concessa
856 1145 959 1213 quum
974 1147 1092 1192 venere
1105 1125 1153 1193 uti
1226 1196 1231 1209 ,

277 1236 429 1320 Possem,
441 1262 458 1297 a
472 1233 637 1326 Deprensi
652 1257 719 1300 uon
735 1231 822 1301 bella
836 1247 886 1301 est
899 1233 986 1302 lama
1000 1236 1162 1319 Treboni,
1172 1266 1188 1299 »

277 1348 402 1416 Aiebat.
418 1377 435 1411 a
447 1348 603 1441 Sapiens,
617 1346 722 1414 vitatu
736 1345 884 1440 quidque
898 1348 1004 1441 petitu

276 1489 292 1523 a
306 1462 356 1528 Sit
370 1459 505 1544 melius,
519 1483 634 1527 causas
649 1458 765 1526 reddet
779 1459 858 1545 tibi;
871 1460 918 1528 mi
931 1462 1010 1530 satis
1023 1476 1089 1545 est,
1103 1463 1130 1530 si

274 1602 291 1636 (ι
305 1572 479 1641 Traditum
493 1572 536 1639 ab
551 1571 698 1665 antiquis
711 1596 839 1640 morem
854 1596 1001 1658 servare,
1014 1587 1188 1669 tuamque,

274 1715 290 1749 a
305 1690 397 1753 Dum
411 1685 559 1753 custodis
572 1709 667 1778 eges,
681 1685 784 1752 vitam
800 1683 988 1778 famamque
1002 1690 1087 1755 tueri

274 1827 291 1861 a
304 1797 507 1867 Incolumem
522 1822 668 1891 possum.
685 1795 791 1865 Simul
806 1822 846 1866 ac
860 1797 1028 1866 duraverit
1041 1814 1119 1867 aetas

275 1940 292 1975 a
305 1911 680 2005 Membraauimumque
687 1909 900 1997 tuum,nabis
908 1910 978 1978 sine
985 1912 1116 1980 cortice.
1125 1912 1203 1981 »Sic
1209 1937 1262 1981 me

275 2025 452 2093 Fonnabat
465 2049 606 2118 puerum
622 2021 738 2110 dictis,
751 2035 785 2091 et
798 2023 867 2090 sive
877 2022 1017 2115 jubebat

275 2140 322 2206 Ut
336 2137 476 2206 lacerem
491 2137 588 2232 quid:
599 2167 621 2202 .«
635 2138 746 2207 Habes
760 2152 951 2224 auctorem,
964 2162 1032 2230 quo
1047 2137 1147 2207 facias
1160 2138 1233 2209 hoc.
1244 2169 1262 2204 »

276 2252 389 2318 Unum
403 2275 443 2318 ex
452 2249 623 2343 judicibus
637 2249 767 2320 selectis
781 2249 967 2342 objiciebat.

274 2362 349 2431 Sive
362 2364 510 2433 vetabat:
524 2394 541 2428 α
556 2368 609 2434 An
625 2364 689 2434 hoc
704 2364 919 2432 inhonestum
933 2377 966 2431 et
980 2360 1097 2430 inutile
1111 2361 1199 2431 sactu

274 2503 291 2537 «
302 2478 415 2546 Necne
428 2478 490 2562 sit,
502 2475 696 2561 addubites,
709 2476 827 2571 flagret
841 2500 975 2545 rumore
988 2474 1077 2544 malo
1091 2500 1194 2568 quum

275 2590 367 2658 «Hic
378 2604 479 2683 atque
493 2588 600 2659 illel»
613 2589 738 2660 Avidos
751 2590 901 2658 vicinum
914 2589 1016 2658 funus
1030 2602 1067 2656 ut
1079 2612 1185 2682 aegros

274 2702 467 2789 Exanimat,
481 2703 665 2796 mortisque
678 2717 770 2771 metu
784 2702 847 2770 sibi
863 2726 998 2796 parcere
1011 2701 1118 2795 cogit3

274 2818 328 2884 Sic
342 2831 472 2886 teneros
485 2818 616 2885 animos
629 2815 737 2884 aliena
752 2816 932 2911 opprobria
947 2840 1032 2910 saepe

274 2929 468 2999 Absterrcnt
480 2930 579 2999 vitiis.
594 2933 644 2998 Ex
659 2929 723 2999 boc
736 2956 799 3025 ego
814 2956 913 2999 sanus
926 2931 969 2999 ab
984 2929 1066 3016 illis,

274 3045 457 3112 Perniciem
472 3069 689 3138 quaecumque
703 3045 832 3133 serunt,
846 3044 1070 3113 mediocribus
1084 3043 1205 3137 etquis

274 3162 449 3251 Ignoscas,
460 3158 551 3227 vitiis
564 3173 689 3227 teneor.
705 3160 868 3228 Fortassis
881 3173 914 3227 et
930 3159 1051 3227 isthinc

274 3270 429 3363 Largitur
441 3269 616 3338 abstulerit
629 3269 729 3365 longa
743 3286 840 3359 aetas,
853 3271 936 3340 liber
950 3271 1094 3354 amicus,

274 3380 460 3450 Consilium
468 3383 776 3478 propriumNeque
782 3385 992 3478 enim,quum
1001 3379 1139 3451 lectulus
1146 3393 1262 3448 autme

273 3497 425 3564 Porticus
437 3495 585 3589 excepit,
598 3495 714 3566 desum
728 3498 811 3566 mihi
827 3526 835 3568 ε
850 3528 867 3562 α
882 3497 1016 3566 Rectius
1029 3495 1093 3564 hoc
1105 3506 1171 3580 est3

272 3636 289 3671 a
302 3613 375 3678 Hoc
389 3608 529 3697 iaciens,
542 3610 652 3680 vivam
667 3611 804 3699 melius3
817 3613 865 3682 sic
878 3611 984 3681 dulcis
997 3611 1112 3679 amicis

272 3750 289 3784 a
303 3725 505 3811 Occurram,
518 3724 583 3792 hoc
595 3725 732 3818 quidam
748 3750 815 3794 non
829 3724 930 3810 belle,
942 3721 1105 3815 numquid
1119 3744 1182 3814 ego
1196 3717 1244 3788 illi

272 3865 288 3899 a
303 3836 500 3931 Imprudens
513 3837 595 3908 olim
610 3839 728 3909 faciam
743 3838 900 3909 similet»
914 3842 991 3907 Haec
1005 3862 1067 3930 ego
1081 3859 1210 3904 meeum

272 3953 479 4046 Compressis
491 3954 583 4047 agito
599 3953 719 4039 labris3
732 3955 790 4023 ubi
805 3953 887 4048 quid
902 3953 1001 4021 datur
1012 3953 1078 4037 oti,

272 4063 381 4135 Illudo
394 4066 528 4136 chartis.
542 4071 615 4136 Hoc
627 4082 676 4136 est
690 4067 916 4136 mediocribus
930 4065 995 4135 illis
