<?xml version="1.0" encoding="UTF-8"?>
<!DOCTYPE html PUBLIC "-//W3C//DTD XHTML 1.0 Transitional//EN"
    "http://www.w3.org/TR/xhtml1/DTD/xhtml1-transitional.dtd">
<html xmlns="http://www.w3.org/1999/xhtml" xml:lang="en" lang="en">
 <head>
  <title>
</title>
<meta http-equiv="Content-Type" content="text/html;charset=utf-8" />
  <meta name='ocr-system' content='tesseract 3.04.00' />
  <meta name='ocr-capabilities' content='ocr_page ocr_carea ocr_par ocr_line ocrx_word'/>
</head>
<body>
  <div class='ocr_page' id='page_1' title='image "./quintushoratius00didogoog_0030.png"; bbox 0 0 3325 5342; ppageno 0'>
   <div class='ocr_carea' id='block_1_1' title="bbox 482 618 1233 714">
    <p class='ocr_par' dir='ltr' id='par_1_1' title="bbox 482 618 1233 714">
     <span class='ocr_line' id='line_1_1' title="bbox 482 618 1233 714; baseline -0.02 -15"><span class='ocrx_word' id='word_1_1' title='bbox 482 629 507 699; x_wconf 79' lang='lat' dir='ltr'><strong>s</strong></span> <span class='ocrx_word' id='word_1_2' title='bbox 707 627 750 714; x_wconf 87' lang='lat' dir='ltr'><strong>Q.</strong></span> <span class='ocrx_word' id='word_1_3' title='bbox 782 621 1007 692; x_wconf 75' lang='lat' dir='ltr'><strong>nontin</strong></span> <span class='ocrx_word' id='word_1_4' title='bbox 1039 618 1233 687; x_wconf 71' lang='lat' dir='ltr'><strong>inieci</strong></span> 
     </span>
    </p>
   </div>
   <div class='ocr_carea' id='block_1_2' title="bbox 470 747 1332 3787">
    <p class='ocr_par' dir='ltr' id='par_1_2' title="bbox 470 747 1307 844">
     <span class='ocr_line' id='line_1_2' title="bbox 470 747 1307 844; baseline -0.016 -15"><span class='ocrx_word' id='word_1_5' title='bbox 470 753 486 837; x_wconf 71' lang='grc'><strong>’,</strong></span> <span class='ocrx_word' id='word_1_6' title='bbox 628 760 696 829; x_wconf 85' lang='lat' dir='ltr'><strong>Nec</strong></span> <span class='ocrx_word' id='word_1_7' title='bbox 710 756 820 835; x_wconf 73' lang='lat' dir='ltr'><strong>tristes</strong></span> <span class='ocrx_word' id='word_1_8' title='bbox 833 750 982 844; x_wconf 78' lang='lat' dir='ltr'><strong>Hyades,</strong></span> <span class='ocrx_word' id='word_1_9' title='bbox 996 772 1056 816; x_wconf 82' lang='lat' dir='ltr'><strong>nec</strong></span> <span class='ocrx_word' id='word_1_10' title='bbox 1070 747 1195 816; x_wconf 76' lang='lat' dir='ltr'><strong>rabiem</strong></span> <span class='ocrx_word' id='word_1_11' title='bbox 1209 750 1307 834; x_wconf 77' lang='lat' dir='ltr'><strong>Noti,</strong></span> 
     </span>
    </p>

    <p class='ocr_par' dir='ltr' id='par_1_3' title="bbox 722 860 1163 957">
     <span class='ocr_line' id='line_1_3' title="bbox 722 860 1163 957; baseline -0.011 -22"><span class='ocrx_word' id='word_1_12' title='bbox 722 871 800 957; x_wconf 88' lang='lat' dir='ltr'><strong>Quo</strong></span> <span class='ocrx_word' id='word_1_13' title='bbox 814 889 881 941; x_wconf 86' lang='lat' dir='ltr'><strong>uon</strong></span> <span class='ocrx_word' id='word_1_14' title='bbox 895 863 1019 933; x_wconf 73' lang='lat' dir='ltr'><strong>arbiter</strong></span> <span class='ocrx_word' id='word_1_15' title='bbox 1031 860 1163 933; x_wconf 68' lang='lat' dir='ltr'><strong>Hadria</strong></span> 
     </span>
    </p>

    <p class='ocr_par' dir='ltr' id='par_1_4' title="bbox 626 975 1276 1182">
     <span class='ocr_line' id='line_1_4' title="bbox 626 975 1276 1075; baseline -0.014 -22"><span class='ocrx_word' id='word_1_16' title='bbox 626 983 751 1075; x_wconf 83' lang='lat' dir='ltr'>Major,</span> <span class='ocrx_word' id='word_1_17' title='bbox 764 978 879 1048; x_wconf 65' lang='lat' dir='ltr'><strong>tullens</strong></span> <span class='ocrx_word' id='word_1_18' title='bbox 893 1001 951 1046; x_wconf 80' lang='lat' dir='ltr'><strong>seu</strong></span> <span class='ocrx_word' id='word_1_19' title='bbox 964 1000 1087 1069; x_wconf 83' lang='lat' dir='ltr'><strong>ponere</strong></span> <span class='ocrx_word' id='word_1_20' title='bbox 1100 975 1171 1045; x_wconf 84' lang='lat' dir='ltr'><strong>vult</strong></span> <span class='ocrx_word' id='word_1_21' title='bbox 1185 975 1276 1045; x_wconf 76' lang='lat' dir='ltr'><strong>sieta.</strong></span> 
     </span>
     <span class='ocr_line' id='line_1_5' title="bbox 711 1087 1263 1182; baseline -0.009 -22"><span class='ocrx_word' id='word_1_22' title='bbox 711 1094 833 1180; x_wconf 86' lang='lat' dir='ltr'><strong>¹Quem</strong></span> <span class='ocrx_word' id='word_1_23' title='bbox 848 1088 965 1158; x_wconf 84' lang='lat' dir='ltr'><strong>mortis</strong></span> <span class='ocrx_word' id='word_1_24' title='bbox 978 1088 1091 1156; x_wconf 85' lang='lat' dir='ltr'><strong>timuit</strong></span> <span class='ocrx_word' id='word_1_25' title='bbox 1104 1087 1263 1182; x_wconf 78' lang='lat' dir='ltr'><strong>gradum,</strong></span> 
     </span>
    </p>

    <p class='ocr_par' dir='ltr' id='par_1_5' title="bbox 627 1200 1263 1405">
     <span class='ocr_line' id='line_1_6' title="bbox 627 1200 1263 1295; baseline -0.008 -22"><span class='ocrx_word' id='word_1_26' title='bbox 627 1207 695 1295; x_wconf 87' lang='lat' dir='ltr'><strong>Qui</strong></span> <span class='ocrx_word' id='word_1_27' title='bbox 710 1204 804 1273; x_wconf 80' lang='lat' dir='ltr'><strong>siocis</strong></span> <span class='ocrx_word' id='word_1_28' title='bbox 818 1201 923 1271; x_wconf 89' lang='lat' dir='ltr'><strong>oculis</strong></span> <span class='ocrx_word' id='word_1_29' title='bbox 937 1213 1084 1268; x_wconf 83' lang='lat' dir='ltr'><strong>monstra</strong></span> <span class='ocrx_word' id='word_1_30' title='bbox 1098 1200 1263 1286; x_wconf 79' lang='lat' dir='ltr'><strong>natantia,</strong></span> 
     </span>
     <span class='ocr_line' id='line_1_7' title="bbox 723 1311 1242 1405; baseline -0.002 -22"><span class='ocrx_word' id='word_1_31' title='bbox 723 1317 792 1405; x_wconf 85' lang='lat' dir='ltr'><strong>Qui</strong></span> <span class='ocrx_word' id='word_1_32' title='bbox 806 1315 890 1382; x_wconf 84' lang='lat' dir='ltr'><strong>vidit</strong></span> <span class='ocrx_word' id='word_1_33' title='bbox 903 1337 994 1387; x_wconf 78' lang='lat' dir='ltr'><strong>maie</strong></span> <span class='ocrx_word' id='word_1_34' title='bbox 1007 1311 1196 1404; x_wconf 80' lang='lat' dir='ltr'><strong>turgidum,</strong></span> <span class='ocrx_word' id='word_1_35' title='bbox 1208 1328 1242 1383; x_wconf 80' lang='lat' dir='ltr'><strong>et</strong></span> 
     </span>
    </p>

    <p class='ocr_par' dir='ltr' id='par_1_6' title="bbox 627 1425 1218 1634">
     <span class='ocr_line' id='line_1_8' title="bbox 627 1425 1218 1521; baseline -0.015 -20"><span class='ocrx_word' id='word_1_36' title='bbox 627 1433 770 1502; x_wconf 76' lang='lat' dir='ltr'><strong>lnsumes</strong></span> <span class='ocrx_word' id='word_1_37' title='bbox 785 1425 938 1521; x_wconf 78' lang='lat' dir='ltr'><strong>seopulos</strong></span> <span class='ocrx_word' id='word_1_38' title='bbox 952 1425 1218 1509; x_wconf 77' lang='lat' dir='ltr'><strong>Aempemuniu?</strong></span> 
     </span>
     <span class='ocr_line' id='line_1_9' title="bbox 723 1537 1211 1634; baseline -0.016 -22"><span class='ocrx_word' id='word_1_39' title='bbox 723 1541 949 1634; x_wconf 76' lang='lat' dir='ltr'><strong>Nequicquam</strong></span> <span class='ocrx_word' id='word_1_40' title='bbox 965 1540 1058 1606; x_wconf 84' lang='lat' dir='ltr'><strong>Deus</strong></span> <span class='ocrx_word' id='word_1_41' title='bbox 1071 1537 1211 1606; x_wconf 76' lang='lat' dir='ltr'><strong>abscidit</strong></span> 
     </span>
    </p>

    <p class='ocr_par' dir='ltr' id='par_1_7' title="bbox 628 1648 1194 1856">
     <span class='ocr_line' id='line_1_10' title="bbox 628 1648 1138 1725; baseline -0.014 -1"><span class='ocrx_word' id='word_1_42' title='bbox 628 1654 776 1725; x_wconf 83' lang='lat' dir='ltr'>Prudens</span> <span class='ocrx_word' id='word_1_43' title='bbox 789 1656 923 1721; x_wconf 74' lang='lat' dir='ltr'><strong>Oceano</strong></span> <span class='ocrx_word' id='word_1_44' title='bbox 938 1648 1138 1723; x_wconf 67' lang='lat' dir='ltr'><strong>dissociabili</strong></span> 
     </span>
     <span class='ocr_line' id='line_1_11' title="bbox 723 1760 1194 1856; baseline -0.013 -21"><span class='ocrx_word' id='word_1_45' title='bbox 723 1770 859 1851; x_wconf 83' lang='lat' dir='ltr'><strong>Terras,</strong></span> <span class='ocrx_word' id='word_1_46' title='bbox 873 1764 899 1832; x_wconf 94' lang='lat' dir='ltr'><strong>si</strong></span> <span class='ocrx_word' id='word_1_47' title='bbox 914 1779 1024 1831; x_wconf 80' lang='lat' dir='ltr'><strong>tumen</strong></span> <span class='ocrx_word' id='word_1_48' title='bbox 1040 1763 1147 1856; x_wconf 85' lang='lat' dir='ltr'><strong>impiae</strong></span> <span class='ocrx_word' id='word_1_49' title='bbox 1191 1760 1194 1769; x_wconf 89' lang='grc'><strong>’</strong></span> 
     </span>
    </p>

    <p class='ocr_par' dir='ltr' id='par_1_8' title="bbox 628 1874 1294 2084">
     <span class='ocr_line' id='line_1_12' title="bbox 628 1874 1294 1973; baseline -0.009 -23"><span class='ocrx_word' id='word_1_50' title='bbox 628 1885 704 1952; x_wconf 81' lang='lat' dir='ltr'><strong>Non</strong></span> <span class='ocrx_word' id='word_1_51' title='bbox 719 1877 885 1973; x_wconf 80' lang='lat' dir='ltr'><strong>tangenda</strong></span> <span class='ocrx_word' id='word_1_52' title='bbox 900 1892 984 1946; x_wconf 83' lang='lat' dir='ltr'><strong>mtes</strong></span> <span class='ocrx_word' id='word_1_53' title='bbox 999 1876 1189 1944; x_wconf 84' lang='lat' dir='ltr'><strong>transiliunt</strong></span> <span class='ocrx_word' id='word_1_54' title='bbox 1202 1874 1294 1944; x_wconf 83' lang='lat' dir='ltr'><strong>vada.</strong></span> 
     </span>
     <span class='ocr_line' id='line_1_13' title="bbox 725 1990 1109 2084; baseline -0.008 -24"><span class='ocrx_word' id='word_1_55' title='bbox 725 1991 842 2061; x_wconf 82' lang='lat' dir='ltr'>Audax</span> <span class='ocrx_word' id='word_1_56' title='bbox 856 1991 969 2059; x_wconf 86' lang='lat' dir='ltr'><strong>omnia</strong></span> <span class='ocrx_word' id='word_1_57' title='bbox 982 1990 1109 2084; x_wconf 84' lang='lat' dir='ltr'><strong>perpeti</strong></span> 
     </span>
    </p>

    <p class='ocr_par' dir='ltr' id='par_1_9' title="bbox 629 2096 1322 2310">
     <span class='ocr_line' id='line_1_14' title="bbox 629 2096 1322 2196; baseline -0.01 -22"><span class='ocrx_word' id='word_1_58' title='bbox 629 2110 720 2174; x_wconf 89' lang='lat' dir='ltr'>Gens</span> <span class='ocrx_word' id='word_1_59' title='bbox 734 2104 879 2172; x_wconf 83' lang='lat' dir='ltr'><strong>humana</strong></span> <span class='ocrx_word' id='word_1_60' title='bbox 893 2103 960 2171; x_wconf 83' lang='lat' dir='ltr'><strong>mit</strong></span> <span class='ocrx_word' id='word_1_61' title='bbox 974 2127 1034 2196; x_wconf 84' lang='lat' dir='ltr'><strong>per</strong></span> <span class='ocrx_word' id='word_1_62' title='bbox 1046 2101 1202 2186; x_wconf 82' lang='lat' dir='ltr'><strong>vetitum3</strong></span> <span class='ocrx_word' id='word_1_63' title='bbox 1214 2096 1322 2169; x_wconf 77' lang='lat' dir='ltr'><strong>helas!</strong></span> 
     </span>
     <span class='ocr_line' id='line_1_15' title="bbox 724 2204 1077 2310; baseline -0.006 -24"><span class='ocrx_word' id='word_1_64' title='bbox 724 2204 842 2288; x_wconf 74' lang='lat' dir='ltr'><strong>Audax</strong></span> <span class='ocrx_word' id='word_1_65' title='bbox 856 2218 960 2310; x_wconf 79' lang='lat' dir='ltr'><strong>Iapeti</strong></span> <span class='ocrx_word' id='word_1_66' title='bbox 974 2241 1077 2310; x_wconf 83' lang='lat' dir='ltr'><strong>genus</strong></span> 
     </span>
    </p>

    <p class='ocr_par' dir='ltr' id='par_1_10' title="bbox 629 2328 1278 2537">
     <span class='ocr_line' id='line_1_16' title="bbox 629 2328 1278 2425; baseline -0.008 -25"><span class='ocrx_word' id='word_1_67' title='bbox 629 2336 743 2425; x_wconf 82' lang='lat' dir='ltr'><strong>Ignem</strong></span> <span class='ocrx_word' id='word_1_68' title='bbox 759 2329 875 2399; x_wconf 78' lang='lat' dir='ltr'><strong>fraude</strong></span> <span class='ocrx_word' id='word_1_69' title='bbox 889 2329 975 2398; x_wconf 84' lang='lat' dir='ltr'><strong>mala</strong></span> <span class='ocrx_word' id='word_1_70' title='bbox 990 2329 1143 2424; x_wconf 81' lang='lat' dir='ltr'><strong>gentibus</strong></span> <span class='ocrx_word' id='word_1_71' title='bbox 1159 2328 1278 2397; x_wconf 86' lang='lat' dir='ltr'><strong>intulit.</strong></span> 
     </span>
     <span class='ocr_line' id='line_1_17' title="bbox 724 2441 1188 2537; baseline -0.006 -25"><span class='ocrx_word' id='word_1_72' title='bbox 724 2446 803 2512; x_wconf 83' lang='lat' dir='ltr'><strong>Post</strong></span> <span class='ocrx_word' id='word_1_73' title='bbox 815 2443 926 2537; x_wconf 81' lang='lat' dir='ltr'><strong>ignem</strong></span> <span class='ocrx_word' id='word_1_74' title='bbox 939 2442 1073 2512; x_wconf 83' lang='lat' dir='ltr'><strong>aetheriu</strong></span> <span class='ocrx_word' id='word_1_75' title='bbox 1088 2441 1188 2510; x_wconf 91' lang='lat' dir='ltr'><strong>domo</strong></span> 
     </span>
    </p>

    <p class='ocr_par' dir='ltr' id='par_1_11' title="bbox 628 2554 1290 2756">
     <span class='ocr_line' id='line_1_18' title="bbox 628 2554 1290 2657; baseline -0.008 -29"><span class='ocrx_word' id='word_1_76' title='bbox 628 2558 853 2643; x_wconf 80' lang='lat' dir='ltr'><strong>subductum,</strong></span> <span class='ocrx_word' id='word_1_77' title='bbox 867 2557 991 2657; x_wconf 68' lang='lat' dir='ltr'><strong>macies¹</strong></span> <span class='ocrx_word' id='word_1_78' title='bbox 1000 2570 1034 2624; x_wconf 85' lang='lat' dir='ltr'><strong>et</strong></span> <span class='ocrx_word' id='word_1_79' title='bbox 1048 2580 1134 2624; x_wconf 84' lang='lat' dir='ltr'><strong>nova</strong></span> <span class='ocrx_word' id='word_1_80' title='bbox 1149 2554 1290 2624; x_wconf 82' lang='lat' dir='ltr'><strong>febrium</strong></span> 
     </span>
     <span class='ocr_line' id='line_1_19' title="bbox 723 2670 1148 2756; baseline -0.012 -14"><span class='ocrx_word' id='word_1_81' title='bbox 723 2673 834 2742; x_wconf 82' lang='lat' dir='ltr'><strong>Terris</strong></span> <span class='ocrx_word' id='word_1_82' title='bbox 849 2671 999 2740; x_wconf 87' lang='lat' dir='ltr'><strong>incubuit</strong></span> <span class='ocrx_word' id='word_1_83' title='bbox 1012 2670 1148 2756; x_wconf 78' lang='lat' dir='ltr'><strong>cohors,</strong></span> 
     </span>
    </p>

    <p class='ocr_par' dir='ltr' id='par_1_12' title="bbox 627 2782 1220 2990">
     <span class='ocr_line' id='line_1_20' title="bbox 627 2782 1220 2879; baseline -0.012 -24"><span class='ocrx_word' id='word_1_84' title='bbox 627 2787 816 2879; x_wconf 80' lang='lat' dir='ltr'><strong>semotique</strong></span> <span class='ocrx_word' id='word_1_85' title='bbox 830 2786 923 2879; x_wconf 85' lang='lat' dir='ltr'><strong>prius</strong></span> <span class='ocrx_word' id='word_1_86' title='bbox 937 2784 1031 2852; x_wconf 77' lang='lat' dir='ltr'><strong>tarda</strong></span> <span class='ocrx_word' id='word_1_87' title='bbox 1046 2782 1220 2851; x_wconf 74' lang='lat' dir='ltr'><strong>nenessitas</strong></span> 
     </span>
     <span class='ocr_line' id='line_1_21' title="bbox 723 2895 1162 2990; baseline -0.011 -23"><span class='ocrx_word' id='word_1_88' title='bbox 723 2898 820 2968; x_wconf 85' lang='lat' dir='ltr'><strong>Lethi</strong></span> <span class='ocrx_word' id='word_1_89' title='bbox 837 2897 997 2989; x_wconf 83' lang='lat' dir='ltr'><strong>corripuit</strong></span> <span class='ocrx_word' id='word_1_90' title='bbox 1012 2895 1162 2990; x_wconf 81' lang='lat' dir='ltr'><strong>gradum.</strong></span> 
     </span>
    </p>

    <p class='ocr_par' dir='ltr' id='par_1_13' title="bbox 627 3008 1205 3207">
     <span class='ocr_line' id='line_1_22' title="bbox 627 3008 1205 3106; baseline -0.012 -24"><span class='ocrx_word' id='word_1_91' title='bbox 627 3016 789 3106; x_wconf 79' lang='lat' dir='ltr'><strong>Expertus</strong></span> <span class='ocrx_word' id='word_1_92' title='bbox 802 3035 943 3085; x_wconf 78' lang='lat' dir='ltr'><strong>vacuum</strong></span> <span class='ocrx_word' id='word_1_93' title='bbox 959 3008 1115 3085; x_wconf 73' lang='lat' dir='ltr'><strong>Daedalus</strong></span> <span class='ocrx_word' id='word_1_94' title='bbox 1129 3032 1205 3076; x_wconf 81' lang='lat' dir='ltr'><strong>uem</strong></span> 
     </span>
     <span class='ocr_line' id='line_1_23' title="bbox 722 3121 1188 3207; baseline -0.009 -14"><span class='ocrx_word' id='word_1_95' title='bbox 722 3124 845 3194; x_wconf 88' lang='lat' dir='ltr'><strong>Pennis</strong></span> <span class='ocrx_word' id='word_1_96' title='bbox 860 3149 927 3192; x_wconf 89' lang='lat' dir='ltr'><strong>non</strong></span> <span class='ocrx_word' id='word_1_97' title='bbox 942 3122 1070 3199; x_wconf 84' lang='lat' dir='ltr'><strong>hominl</strong></span> <span class='ocrx_word' id='word_1_98' title='bbox 1085 3121 1188 3207; x_wconf 81' lang='lat' dir='ltr'><strong>datis3</strong></span> 
     </span>
    </p>

    <p class='ocr_par' dir='ltr' id='par_1_14' title="bbox 628 3233 1297 3433">
     <span class='ocr_line' id='line_1_24' title="bbox 628 3233 1297 3331; baseline -0.01 -23"><span class='ocrx_word' id='word_1_99' title='bbox 628 3239 781 3331; x_wconf 82' lang='lat' dir='ltr'><strong>Perrupit</strong></span> <span class='ocrx_word' id='word_1_100' title='bbox 795 3237 985 3306; x_wconf 62' lang='lat' dir='ltr'><strong>Acheronta</strong></span> <span class='ocrx_word' id='word_1_101' title='bbox 998 3233 1180 3307; x_wconf 81' lang='lat' dir='ltr'><strong>Herculeus</strong></span> <span class='ocrx_word' id='word_1_102' title='bbox 1194 3233 1297 3302; x_wconf 80' lang='lat' dir='ltr'><strong>labor.</strong></span> 
     </span>
     <span class='ocr_line' id='line_1_25' title="bbox 722 3348 1227 3433; baseline -0.01 -12"><span class='ocrx_word' id='word_1_103' title='bbox 722 3351 778 3421; x_wconf 84' lang='lat' dir='ltr'><strong>Nil</strong></span> <span class='ocrx_word' id='word_1_104' title='bbox 794 3350 990 3423; x_wconf 82' lang='lat' dir='ltr'><strong>mortalibus</strong></span> <span class='ocrx_word' id='word_1_105' title='bbox 1004 3348 1146 3418; x_wconf 81' lang='lat' dir='ltr'><strong>arduum</strong></span> <span class='ocrx_word' id='word_1_106' title='bbox 1161 3361 1227 3433; x_wconf 83' lang='lat' dir='ltr'><strong>est3</strong></span> 
     </span>
    </p>

    <p class='ocr_par' dir='ltr' id='par_1_15' title="bbox 628 3462 1332 3672">
     <span class='ocr_line' id='line_1_26' title="bbox 628 3462 1332 3559; baseline -0.011 -23"><span class='ocrx_word' id='word_1_107' title='bbox 628 3465 758 3536; x_wconf 88' lang='lat' dir='ltr'><strong>Coelum</strong></span> <span class='ocrx_word' id='word_1_108' title='bbox 774 3465 882 3559; x_wconf 90' lang='lat' dir='ltr'><strong>ipsum</strong></span> <span class='ocrx_word' id='word_1_109' title='bbox 897 3464 1040 3558; x_wconf 86' lang='lat' dir='ltr'><strong>petimus</strong></span> <span class='ocrx_word' id='word_1_110' title='bbox 1055 3462 1212 3548; x_wconf 84' lang='lat' dir='ltr'><strong>stultitia,</strong></span> <span class='ocrx_word' id='word_1_111' title='bbox 1226 3487 1332 3554; x_wconf 82' lang='lat' dir='ltr'><strong>neque</strong></span> 
     </span>
     <span class='ocr_line' id='line_1_27' title="bbox 723 3576 1313 3672; baseline -0.007 -24"><span class='ocrx_word' id='word_1_112' title='bbox 723 3583 787 3648; x_wconf 84' lang='lat' dir='ltr'><strong>Per</strong></span> <span class='ocrx_word' id='word_1_113' title='bbox 801 3595 951 3651; x_wconf 84' lang='lat' dir='ltr'><strong>nostrum</strong></span> <span class='ocrx_word' id='word_1_114' title='bbox 967 3579 1113 3672; x_wconf 73' lang='lat' dir='ltr'><strong>patimur</strong></span> <span class='ocrx_word' id='word_1_115' title='bbox 1127 3576 1232 3649; x_wconf 84' lang='lat' dir='ltr'><strong>scelus</strong></span> <span class='ocrx_word' id='word_1_116' title='bbox 1310 3624 1313 3627; x_wconf 30' lang='lat' dir='ltr'>v</span> 
     </span>
    </p>

    <p class='ocr_par' dir='ltr' id='par_1_16' title="bbox 629 3691 1220 3787">
     <span class='ocr_line' id='line_1_28' title="bbox 629 3691 1220 3787; baseline -0.003 -26"><span class='ocrx_word' id='word_1_117' title='bbox 629 3692 792 3762; x_wconf 82' lang='lat' dir='ltr'><strong>lmeunda</strong></span> <span class='ocrx_word' id='word_1_118' title='bbox 805 3697 918 3768; x_wconf 81' lang='lat' dir='ltr'><strong>lovem</strong></span> <span class='ocrx_word' id='word_1_119' title='bbox 934 3717 1058 3787; x_wconf 74' lang='lat' dir='ltr'><strong>ponem</strong></span> <span class='ocrx_word' id='word_1_120' title='bbox 1073 3691 1220 3765; x_wconf 81' lang='lat' dir='ltr'><strong>fulmina.</strong></span> 
     </span>
    </p>
   </div>
   <div class='ocr_carea' id='block_1_3' title="bbox 0 0 1668 5342">
    <p class='ocr_par' dir='ltr' id='par_1_17' title="bbox 0 0 1668 5342">
     <span class='ocr_line' id='line_1_29' title="bbox 0 0 1668 5342; baseline 0 0"><span class='ocrx_word' id='word_1_121' title='bbox 0 0 1668 5342; x_wconf 95' lang='lat' dir='ltr'><strong> </strong></span> 
     </span>
    </p>
   </div>
  </div>
 </body>
</html>
