3325 5342
248 804 321 850 Μ’
429 795 742 864 SATIRARUM
773 794 933 860 LIBER
964 796 989 861 l.
1026 791 1054 862 5.
1166 797 1237 865 203

248 933 312 1000 Hic
325 954 388 1024 ego
404 925 597 995 mendacem
612 922 825 992 stultissimus
840 947 945 1016 usque
959 923 1102 1017 puellam

250 1044 302 1113 Ad
314 1042 459 1111 mediam
474 1052 605 1106 noctem
620 1050 783 1128 exspecto.
798 1037 944 1103 Somnus
958 1051 1066 1104 tamen
1082 1038 1189 1107 aufert

249 1162 419 1226 Intentum
434 1153 564 1237 veneri3
576 1166 648 1219 tum
664 1148 840 1217 immundo
855 1149 984 1218 somnia
998 1151 1070 1219 visu

249 1274 456 1341 Nocturnum
471 1281 593 1336 vestem
608 1262 794 1350 maculant,
807 1278 1024 1357 ventremque
1039 1266 1204 1359 supinum.

298 1386 454 1471 Quatuor
466 1380 545 1447 hinc
560 1374 710 1469 rapimur
724 1377 844 1469 viginti
859 1390 893 1444 et
907 1377 1012 1445 millia
1029 1379 1157 1463 rhedis,

249 1495 400 1564 Mansuri
415 1490 595 1586 oppidulo,
608 1488 699 1582 quod
713 1514 811 1557 versu
826 1489 936 1563 dicere
951 1516 1018 1559 non
1034 1508 1102 1579 est,

251 1609 363 1702 Signis
376 1604 533 1700 perfacile
546 1617 604 1673 est
619 1603 722 1672 Venit
737 1601 896 1671 vilissima
913 1629 1023 1672 rerum

248 1723 310 1790 Hic
323 1744 427 1814 aqua3
441 1718 500 1787 sed
513 1717 609 1811 panis
624 1715 725 1808 longe
738 1713 1002 1808 pulcherrimus,
1016 1718 1105 1786 ultra

252 1831 400 1902 Callidus
413 1846 452 1900 ut
465 1828 570 1901 soleat
582 1827 733 1897 humeris
746 1840 881 1919 portare
894 1828 1011 1897 viator.

252 1948 337 2015 Nam
352 1945 476 2014 Canusi
490 1941 678 2036 lapidosus;
688 1965 783 2035 aquae
796 1965 864 2007 non
879 1940 981 2009 ditior
994 1968 1096 2030 urna3

254 2061 322 2147 Qui
337 2057 429 2126 locus
443 2083 463 2126 a
476 2057 555 2125 forti
568 2054 733 2126 Diomede
746 2068 797 2123 est
809 2054 965 2124 conditus
978 2056 1070 2126 olim.

253 2171 423 2239 Flentibus
434 2170 489 2239 hic
502 2170 625 2239 Varius
640 2167 780 2238 discedit
794 2182 928 2236 maestus
941 2169 1066 2238 amicis.

253 2282 335 2351 Inde
347 2282 462 2352 Rubos
475 2282 551 2352 fessi
566 2281 797 2376 pervenimus,
810 2295 928 2373 utpote
942 2279 1081 2375 longum

253 2399 434 2491 Carpentes
448 2398 526 2483 iter,
539 2410 573 2465 et
587 2396 711 2465 factum
725 2395 917 2489 corruptius
932 2395 1042 2464 imbri.

253 2514 386 2580 Postera
400 2526 576 2606 tempestas
590 2509 727 2597 melior3
740 2511 794 2579 via
807 2511 903 2604 pejor
916 2510 959 2579 ad
974 2535 1078 2603 usque

253 2625 328 2693 Bari
343 2625 465 2693 moenia
478 2624 608 2717 piscosi.
622 2623 757 2693 Dehinc
769 2623 895 2693 Gnatia
911 2622 1055 2718 lymphis

253 2737 349 2806 lratis
362 2752 528 2807 exstructa
543 2736 635 2807 dedit
650 2737 802 2831 risusque
812 2737 992 2831 jocosque,

252 2855 343 2921 Dum
357 2852 492 2922 llamma
503 2854 575 2921 sine
589 2853 689 2921 thura
703 2851 884 2945 liquescere
898 2851 1013 2921 limine
1027 2876 1121 2921 sacro

253 2966 452 3036 Persuadere
465 2967 567 3061 cupit.
583 2965 708 3037 Credat
719 2965 854 3035 Judaeus
868 2964 1003 3061 Apella,

252 3082 329 3149 Non
343 3105 423 3174 eg03
437 3106 582 3174 namque
594 3083 686 3151 Deos
699 3079 802 3150 didici
816 3106 969 3151 securum
984 3107 1082 3177 agere
1093 3106 1217 3167 aevurn,

253 3196 341 3280 Nec,
354 3195 381 3262 si
396 3195 478 3288 quid
491 3196 568 3263 miri
583 3195 684 3265 faciat
696 3209 837 3283 natura,
849 3198 939 3266 Deos
954 3196 988 3264 id

253 3306 378 3375 Tristes
390 3331 430 3375 ex
442 3305 511 3376 alto
524 3306 597 3377 ooeli
612 3308 785 3378 demittere
799 3322 896 3378 tecto.

255 3421 480 3492 Brundusium
495 3421 603 3518 longae
615 3423 693 3495 linis
706 3424 894 3519 chartaque
908 3425 1042 3516 viaeque.
