3325 5342
253 676 329 729 uti
412 666 771 735 EPISTOLARUM
796 666 995 733 LIBERI.
1027 665 1078 759 19'.
1163 666 1227 736 301

251 827 269 863 a
278 797 442 891 Displicet
456 798 517 865 iste
530 793 640 882 locus,
650 825 667 859 »
680 794 804 883 clamo,
817 811 850 864 et
864 794 991 864 diludia
1005 820 1113 889 posco.

253 911 369 981 Ludus
382 911 471 980 euim
487 911 602 1003 genuit
615 909 782 1003 trepidum
797 925 962 979 certamen
977 925 1009 978 et
1025 911 1126 996 iram,

253 1027 308 1092 Ira
323 1038 431 1092 truces
446 1021 636 1090 inimicitias
649 1036 683 1090 et
696 1022 834 1090 funebre
847 1021 980 1091 beilum.

254 1268 1234 1293 mmmfflmmmssmmmm

503 1457 836 1545 EPISTOLA
877 1461 990 1547 XX.

539 1714 599 1769 AD
623 1712 800 1769 LIBRUM
824 1713 956 1770 SUUM.

256 1926 488 1990 Vnurnunnu
503 1922 708 2011 lanamque,
723 1917 823 2003 liber,
836 1934 983 2011 spectare
996 1921 1134 2008 videris,

256 2032 388 2104 Scilicet
399 2047 437 2101 ut
450 2046 578 2125 prostes
590 2032 761 2101 Sosiorum
777 2032 908 2125 pumice
921 2034 1073 2104 muudus.

257 2147 367 2217 Odisti
381 2145 505 2232 claves,
519 2160 552 2214 et
567 2160 662 2240 grata
675 2144 785 2240 sigilla
798 2145 939 2239 pudico;

257 2261 375 2330 Paucis
389 2260 518 2329 ostendi
533 2260 654 2354 gemis,
667 2274 700 2328 et
712 2261 903 2329 communia
918 2258 1047 2347 laudas,

259 2378 335 2445 Non
350 2376 396 2443 ita
409 2374 563 2443 nutritus.
578 2378 670 2468 Fuge
683 2398 751 2467 quo
765 2374 963 2443 descendere
977 2375 1093 2468 gestis3

258 2490 335 2558 Non
349 2486 413 2556 erit
426 2487 547 2556 emisso
562 2487 686 2556 reditus
700 2487 770 2555 tibi.
786 2486 906 2575 «Quid
920 2488 1019 2556 miser
1032 2487 1107 2582 egi?

258 2600 376 2689 «Quid
388 2599 527 2670 voluiin
541 2600 648 2688 dices,
661 2602 720 2669 ubi
734 2600 816 2694 quid
831 2615 863 2669 te
878 2599 1013 2687 laeserit3
1026 2617 1059 2670 et
1073 2604 1136 2671 scis

259 2717 299 2781 In
313 2714 411 2781 breve
424 2727 456 2782 te
470 2714 564 2807 cogi,
577 2738 680 2808 quum
695 2711 813 2807 plenus
828 2711 964 2807 languet
976 2729 1113 2784 amator.

259 2824 361 2915 Quod
375 2826 402 2893 si
416 2851 484 2893 nou
498 2825 577 2893 odio
590 2826 757 2919 peccantis
771 2824 892 2918 desipit
904 2850 1027 2919 augur,

260 2943 364 3009 Carus
378 2940 445 3008 eris
458 2942 590 3025 Romae,
603 2939 708 3007 donec
722 2953 754 3007 te
768 2939 896 3008 deserat
908 2954 994 3009 aetas.

261 3057 491 3124 Contrectatus
505 3054 563 3121 ubi
578 3054 731 3122 manibus
746 3053 933 3122 sordescere
946 3053 1038 3147 vulgi

211 3213 219 3224 ·
262 3168 427 3261 Coeperis,
439 3182 497 3235 aut
510 3167 614 3236 tineas
629 3165 741 3261 pasce's
754 3168 939 3236 taciturnus
954 3168 1092 3252 inertes,

262 3285 328 3350 Aut
341 3281 448 3375 fugies
462 3281 612 3367 Uticam,
624 3296 683 3350 aut
696 3283 826 3350 vinctus
839 3282 980 3350 mitteris
993 3279 1146 3349 Ilerdam.

262 3394 397 3464 Ridebit
411 3396 556 3463 monitor
570 3420 637 3464 nou
650 3396 844 3482 exauditus3
858 3411 895 3463 ut
911 3393 982 3481 ille,

262 3508 332 3595 Qui
347 3506 431 3578 male
445 3523 616 3602 parentem
632 3511 666 3577 in
683 3535 780 3604 rupes
794 3509 956 3603 protrusit
969 3505 1105 3576 asellum

262 3623 380 3690 Iratus.
394 3621 480 3709 Quis
493 3621 584 3689 enim
599 3622 742 3690 invitum
756 3646 886 3690 servare
900 3618 1048 3688 laboret?

262 3736 334 3802 Hoc
350 3758 482 3827 quoque
495 3749 527 3803 te
541 3750 671 3822 manet,
685 3749 723 3804 ut
738 3761 859 3829 pueros
873 3732 1033 3803 elementa
1048 3732 1221 3802 docentem

262 3850 411 3940 Occupet
423 3848 578 3917 extremis
592 3849 625 3916 in
641 3849 722 3917 vicis
735 3847 834 3917 balba
848 3862 1006 3917 senectus.

263 3961 378 4048 Quum
392 3960 452 4028 tibi
467 3960 515 4030 sol
529 3961 660 4055 tepidus
673 3961 784 4056 plures
798 3962 983 4030 admoverit
996 3985 1108 4044 aures,

263 4075 319 4141 Me
333 4072 489 4142 libertino
504 4090 620 4144 natum
634 4090 746 4168 patre,
759 4089 792 4143 et
807 4075 841 4142 in
856 4074 947 4142 tenui
964 4099 999 4141 re
