3325 5342
388 715 751 784 nmsronnamu
775 717 925 784 muna
948 719 975 784 1.
1006 740 1057 812 17.
1147 718 1216 813 293

236 961 1219 988 mmmmm

458 1153 788 1244 EPISTOLA
831 1158 997 1244 XVII.

580 1410 642 1466 AD
669 1408 874 1465 SCAEVAM.

237 1636 422 1723 Quamvis,
433 1636 562 1717 sceva,
575 1631 654 1700 satis
666 1654 726 1723 per
739 1644 772 1698 te
784 1629 846 1696 tibi
861 1632 1022 1720 consulis,
1034 1649 1068 1703 et
1080 1637 1142 1705 scis

236 1748 315 1835 Quo
328 1744 461 1814 tandem
475 1759 573 1838 pacto
588 1743 701 1812 deoeat
713 1742 896 1835 majoribus
910 1746 977 1830 uti,

236 1859 353 1943 Disce,
365 1856 536 1926 doeendus
549 1855 659 1925 adhuc
674 1879 747 1947 qua
760 1868 871 1923 censet
882 1856 1060 1944 amiculus3
1072 1874 1111 1928 ut
1124 1862 1152 1929 si

237 1974 351 2041 Caecus
364 1971 427 2039 iter
439 1983 625 2039 monstrare
638 1967 726 2037 velit
740 1971 866 2037 Tamen
880 1967 1031 2062 adspice,
1044 1972 1071 2039 si
1085 1972 1166 2066 quid

237 2086 281 2151 Et
292 2108 372 2170 nos,
385 2083 477 2177 quod
489 2108 584 2152 cures
596 2081 772 2175 proprium
787 2080 919 2167 fecisse,
932 2080 1116 2175 loquamur.

237 2197 272 2265 Si
285 2210 317 2264 te
331 2211 425 2291 grata
438 2197 530 2290 quies
543 2211 577 2265 et
588 2196 732 2289 primam
746 2219 882 2263 somnus
898 2196 933 2262 in
948 2195 1065 2263 horam

237 2309 406 2396 Delectat3
418 2311 445 2378 si
459 2325 492 2378 te
504 2308 614 2403 pulvis
627 2309 849 2402 strepitusque
864 2323 1030 2395 rotarum,

237 2422 272 2489 Si
287 2421 382 2490 laedet
393 2446 563 2515 caupona,
576 2421 855 2490 Ferentinum'ire
865 2420 999 2512 jubebo.

238 2537 324 2609 Nam
338 2560 445 2629 neque
459 2535 618 2604 divitibus
631 2535 832 2628 contingunt
846 2534 967 2628 gaudia
980 2532 1075 2622 solis,

238 2650 308 2718 Neo
319 2649 402 2716 vixit
413 2646 516 2734 male,
529 2649 587 2740 qui
601 2662 698 2716 natus
711 2647 922 2740 moriensque
936 2645 1060 2716 fefellit

239 2762 273 2830 Si
286 2761 441 2855 prodesse
455 2762 539 2846 tuis,
552 2758 719 2854 pauloque
730 2760 908 2854 benignius
922 2760 1031 2853 ipsum

239 2878 285 2943 Te
297 2887 438 2943 tractare
450 2872 558 2959 voles,
571 2871 705 2943 acoedes
719 2872 824 2941 siccus
837 2871 880 2940 ad
893 2885 1041 2941 unctum.
1051 2913 1099 2924 -

239 2988 274 3055 Si
286 2986 465 3080 pranderet
477 2985 551 3056 olus
563 2987 744 3080 patienter,
757 2985 892 3079 regibus
904 2986 955 3055 uti

238 3099 350 3169 Nollet
362 3100 559 3193 Aristippus.
569 3099 662 3167 -Si
676 3098 775 3166 sciret
787 3098 922 3192 regibus
935 3098 1003 3182 uti,

239 3212 415 3281 Fastidiret
427 3210 518 3299 olus,
534 3213 592 3305 qui
605 3236 658 3280 me
671 3226 775 3280 notat.
784 3213 960 3280 —Utrius
974 3211 1095 3278 horum

238 3325 350 3395 Verba
362 3325 483 3418 probes
495 3339 529 3394 et
541 3324 645 3412 facta,
659 3323 759 3412 doee3
771 3323 821 3393 vei
833 3324 949 3416 junior
961 3322 1058 3407 audi,

239 3439 310 3506 Cur
323 3438 366 3505 sit
378 3437 538 3531 Aristippi
552 3438 663 3531 potior
676 3437 848 3506 sententia.
863 3439 1015 3527 Namque

239 3548 431 3621 Mordeoem
445 3549 607 3642 Cynicum
622 3549 669 3617 sic
682 3548 855 3633 eludebat,
868 3561 907 3614 ut
919 3546 1031 3614 aiunt:

239 3689 256 3724 α
265 3664 406 3731 Scurror
419 3687 481 3757 ego
496 3662 565 3756 ipse
578 3661 681 3749 mihi,
694 3659 819 3756 populo
834 3673 887 3744 tu3
900 3658 1021 3726 rectius
1034 3656 1098 3725 boc
1110 3669 1143 3723 et

239 3772 477 3867 «Splendidius
490 3773 597 3842 multo
609 3788 668 3842 est.
682 3777 797 3866 Equus
810 3784 849 3839 ut
861 3794 914 3838 me
926 3782 1054 3862 portet,
1067 3766 1134 3835 alat
1147 3789 1223 3851 rex,

239 3914 256 3949 a
266 3886 425 3956 Officium
439 3887 542 3975 faci03
555 3901 594 3955 tu
607 3886 716 3981 poscis
728 3882 826 3969 vilia,
838 3906 955 3951 verum
967 3905 1002 3950 es

239 4027 257 4061 c<
265 4002 375 4069 Dante
388 4002 521 4086 minor,
533 4000 684 4094 quamvis
698 3999 764 4068 fers
777 4011 811 4065 te
824 3994 948 4065 nullius
961 4006 1151 4089 egentem.»

240 4113 359 4181 Omnis
370 4113 578 4208 Aristippum
593 4112 703 4182 decuit
715 4110 824 4197 color,
836 4124 869 4178 et
882 4123 1003 4193 status,
1016 4121 1050 4175 et
1063 4127 1115 4175 res
