3325 5342
202 748 226 778 v.
246 732 279 779 so
510 727 606 794 ARS
638 727 874 795 POETICA.
1115 729 1182 799 323

203 860 343 951 Fingere
361 854 517 923 cinctutis
531 878 597 921 non
613 855 765 922 exaudita
779 855 953 949 Cethegis,

203 970 401 1063 Continget,
415 965 614 1059 dabiturque
629 964 761 1035 licentia
775 981 907 1060 sumpta
921 967 1092 1060 pudenter.

204 1082 247 1152 Et
260 1106 345 1151 nova
358 1079 501 1172 fictuque
515 1102 622 1172 nuper
636 1078 805 1147 habebunt
818 1080 918 1148 verba
931 1080 1049 1168 fidem,
1062 1083 1089 1151 si

205 1199 324 1266 Graeco
338 1193 430 1263 sonte
443 1193 577 1277 cudent,
592 1217 690 1285 parce
703 1193 842 1262 detorta.
858 1196 949 1283 Quid
962 1211 1071 1265 autem

205 1306 341 1378 Caecilio
353 1305 538 1399 Plautoque
555 1305 647 1374 dabit
660 1309 850 1391 Romanus,
863 1307 1052 1401 ademptum

206 1420 351 1514 Virgilio
364 1418 555 1513 Varioque?
569 1402 641 1514 Ego
655 1443 731 1505 cur,
743 1421 913 1514 acquirere
927 1446 1030 1514 pauca

205 1535 240 1603 Si
255 1558 408 1626 possum,
422 1533 589 1619 invideor,
603 1557 707 1625 quum
722 1531 837 1626 lingue
851 1536 988 1604 Catonis
1000 1551 1032 1604 et
1046 1538 1132 1605 Enni

155 1659 158 1664 ⁴
205 1649 397 1715 Sermonem
413 1645 559 1738 patrium
573 1644 746 1731 ditaverit,
758 1659 791 1713 et
805 1671 891 1713 nova
905 1671 1014 1716 rerum

206 1759 351 1829 Nomina
365 1757 566 1851 protulerit?
579 1759 709 1845 Licuit,
722 1782 916 1851 semperque
930 1759 1040 1829 licebit

206 1871 380 1966 Signatum
394 1887 553 1964 presente
567 1886 648 1940 nota
661 1871 845 1965 producere
859 1896 989 1940 nomen.

206 1988 255 2054 Ut
269 1984 358 2054 silva
373 1984 460 2054 soliis
473 2010 597 2079 pronos
611 1999 786 2054 mutantur
800 1986 835 2052 in
849 2009 972 2072 annos,

207 2098 319 2167 Prima
332 2097 473 2184 cadunt;
487 2101 533 2167 ite
546 2099 724 2167 verborum
732 2101 831 2167 'vetus
845 2099 958 2166 interit
971 2112 1065 2183 aetas,

206 2214 250 2281 Et
259 2212 419 2304 juvenum
435 2215 501 2281 ritu
515 2212 635 2281 llorent
649 2213 749 2281 modo
763 2226 858 2298 nata,
871 2213 1056 2306 vigentque.

207 2324 378 2393 Debemur
392 2326 490 2392 morti
504 2349 565 2392 nos
579 2341 775 2418 nostraque,
789 2326 857 2392 sive
872 2338 1020 2417 receptus

208 2442 310 2507 Terra
326 2452 492 2531 neptunus
506 2436 625 2507 dasses
638 2436 860 2531 Aquilonibus
873 2452 981 2521 arcet,

209 2550 309 2643 Regis
321 2575 422 2644 opus3
435 2550 621 2644 sterilisque
635 2550 693 2618 diu
707 2549 819 2644 palus,
833 2563 974 2643 aptaque
989 2552 1105 2634 remis,

209 2663 345 2732 Vicinas
359 2664 458 2733 urbes
471 2664 548 2749 alit,
561 2679 594 2733 et
609 2688 709 2758 grave
722 2664 821 2757 sentit
834 2679 1000 2749 aratrum3

209 2780 274 2846 Seu
287 2801 419 2845 cursum
434 2780 574 2846 mutavit
589 2779 740 2871 iniquum
756 2777 909 2872 frugibus
923 2779 1048 2861 amnis,

210 2893 339 2959 Doctus
353 2891 416 2958 iter
429 2890 557 2961 melius.
573 2890 729 2960 Mortalia
744 2891 829 2960 fucta
844 2891 1017 2985 peribunt,

209 3003 339 3075 Nedum
353 3027 542 3074 sermonum
556 3020 618 3074 stet
631 3006 756 3090 honos,
769 3020 802 3074 et
817 3008 923 3099 gratia
936 3008 1040 3074 vivax.

209 3116 316 3186 Multa
331 3132 544 3187 renascentur
557 3143 630 3211 quae
641 3118 710 3210 jam
725 3118 890 3202 cecidere,
903 3118 1086 3209 cadentque

210 3230 293 3317 Quae
306 3254 395 3298 nunc
407 3244 484 3298 sunt
498 3231 532 3297 in
545 3230 672 3298 honore
685 3229 863 3317 vocabula,
877 3231 903 3299 si
921 3228 1008 3299 volet
1022 3253 1120 3312 usus,

211 3343 319 3430 Quem
333 3366 433 3436 penes
445 3341 621 3411 arbitrium
636 3358 731 3412 estet
743 3344 799 3436 jus
812 3359 845 3413 et
859 3367 976 3412 norma
990 3340 1156 3434 loquendi.

259 3458 322 3525 Res
337 3471 434 3551 geste
448 3479 629 3552 regumque
644 3457 850 3552 ducumque,
864 3473 897 3526 et
911 3457 1017 3525 tristia
1031 3454 1132 3542 bella,

213 3573 290 3660 Quo
303 3572 402 3641 scribi
416 3588 550 3666 possent
564 3598 722 3660 numero,
735 3574 933 3643 monstravit
946 3575 1120 3640 Homerus.

213 3686 378 3764 Versibus,
386 3687 555 3780 impariter
567 3687 692 3779 junctis
707 3688 915 3782 querimonis
929 3687 1093 3779 primum,

212 3802 290 3869 Post
304 3801 403 3869 etiam
419 3799 545 3871 inclusa
559 3816 608 3871 est
622 3803 689 3869 voti
704 3802 865 3870 sententia
880 3824 1025 3893 compos.

213 3915 298 4003 Quis
310 3930 420 3984 tamen
435 3917 572 4010 exiguos
586 3915 695 4009 elegos
707 3915 852 3982 emiserit
866 3928 998 3997 auctor,

214 4028 429 4097 Grammatici
444 4044 590 4116 certant,
601 4044 635 4098 et
647 4028 756 4097 adhuc
769 4027 830 4095 sub
842 4026 954 4119 judice
968 4026 1007 4095 lis
1022 4040 1080 4094 est.

215 4138 450 4209 Archilochum
464 4142 601 4234 proprio
615 4140 721 4209 rabies
734 4140 876 4208 armavit
890 4139 1011 4207 iambo.

1046 4276 1087 4306 21·
