3325 5342
418 764 487 844 204
645 760 687 845 Q.
720 757 945 824 HORATII
977 756 1174 824 FLACCI

416 1006 1407 1034 mmsnwwuwsmmmmwwwmmmmmmmm

730 1198 974 1288 SATIRA
1012 1200 1096 1286 VI.

417 1461 516 1543 Nor,
530 1457 626 1550 quia,
638 1458 817 1540 Maecenas,
831 1453 1001 1547 Lydorum
1017 1452 1181 1547 quidquid
1194 1452 1350 1527 Etruscos

418 1569 562 1639 Incoluit
576 1568 676 1655 fines,
690 1592 788 1637 nemo
802 1567 994 1661 generosior
1007 1581 1057 1635 est
1071 1580 1121 1653 te3

417 1687 505 1769 Nec,
518 1683 609 1777 quod
623 1686 703 1752 avus
716 1683 777 1750 tibi
793 1694 963 1749 maternus
975 1681 1039 1750 luit
1052 1695 1152 1774 atque
1164 1699 1338 1776 paternus,

417 1796 509 1865 Olim
523 1797 580 1888 qui
595 1796 725 1889 magnis
738 1793 926 1888 legionibus
941 1794 1188 1887 imperitarent,

417 1914 465 1980 Ut
478 1909 627 2003 plerique
641 1907 765 1993 solent,
780 1932 862 1975 naso
876 1907 1051 2001 suspendis
1063 1908 1194 1978 adunco

417 2027 573 2117 ignotos,
586 2036 624 2089 ut
636 2046 689 2088 me
703 2020 860 2088 libertino
873 2035 967 2115 patre
983 2035 1117 2107 natum;

417 2139 532 2224 Quum
547 2134 669 2204 referre
682 2158 801 2228 negas,
813 2133 905 2226 quali
917 2133 960 2202 sit
974 2135 1115 2228 quisque
1129 2152 1265 2230 parente

417 2253 540 2337 Natus,
554 2250 633 2318 dum
649 2250 822 2343 ingenuus
839 2247 1020 2318 Persuades
1034 2249 1098 2319 hoc
1112 2250 1173 2317 tibi
1188 2276 1280 2338 vere,

418 2367 506 2433 Ante
518 2366 712 2457 potestatem
726 2362 834 2448 Tulli,
846 2376 945 2455 atque
959 2361 1106 2456 ignobile
1120 2389 1279 2458 regnum,

418 2475 543 2546 Multos
557 2501 641 2570 saepe
655 2476 761 2561 viros,
774 2474 875 2543 nullis
888 2475 1070 2568 majoribus
1084 2491 1193 2561 ortos,

418 2592 461 2657 Et
474 2590 591 2658 vixisse
605 2586 877 2682 probosqamplis
890 2603 922 2655 et
937 2588 1120 2658 honoribus
1134 2604 1266 2678 auctos;

418 2706 544 2771 Contra
558 2704 748 2790 Laevinum,
760 2703 873 2772 Valeri
890 2729 1010 2798 genus,
1025 2703 1114 2773 unde
1127 2706 1295 2798 Superbus

418 2818 618 2910 Tarquinius
633 2842 736 2912 regno
750 2816 866 2910 pulsus
881 2817 986 2911 sugit,
1000 2818 1099 2887 unius
1113 2819 1195 2887 assis

417 2932 495 3001 Non
508 2955 667 3024 umquam
682 2932 789 3027 pretio
803 2931 909 3025 pluris
923 2929 1071 3018 licuisse,
1086 2947 1222 3001 notante

417 3043 550 3130 ludioe,
563 3070 630 3138 quo
645 3046 750 3132 nosti,
764 3045 908 3139 populo,
920 3046 978 3139 qui
993 3045 1113 3115 stultus
1128 3048 1271 3115 honores

417 3159 509 3249 Saepe
523 3155 580 3225 dat
593 3157 742 3252 indignis
753 3173 787 3226 et
800 3158 897 3227 lamae
910 3158 1012 3226 servit
1028 3159 1178 3252 ineptus,

417 3269 485 3356 Qui
501 3284 611 3364 stupet
625 3271 659 3338 in
674 3271 781 3340 titulis
792 3286 827 3340 et
842 3271 1053 3366 imaginibus.
1069 3272 1161 3359 Quid
1175 3287 1307 3365 oportet

417 3383 487 3451 Nos
501 3380 624 3469 facere,
637 3409 657 3451 a
669 3383 772 3479 vulgo
787 3383 888 3479 longe
902 3384 1066 3477 longeque
1083 3384 1250 3453 remotos?

337 3529 340 3536 ·
417 3497 570 3589 Namque
584 3511 671 3583 esto,
686 3496 830 3591 populus
845 3498 982 3566 Laevino
996 3497 1109 3567 mallet
1123 3498 1302 3582 honorem,

417 3610 528 3695 Quam
542 3612 647 3680 Decio
661 3611 820 3680 mandare
834 3637 939 3698 novo;
953 3637 1137 3705 censorque
1151 3626 1298 3681 moveret

417 3722 562 3815 Appius,
576 3725 722 3818 ingenuo
736 3726 763 3794 si
778 3750 846 3793 non
861 3750 965 3796 essem
981 3741 1075 3820 patre
1090 3740 1206 3812 natus,

417 3834 480 3903 Vel
492 3838 626 3924 merito,
637 3840 796 3931 quoniam
807 3840 842 3907 in
853 3841 990 3935 propria
1000 3865 1068 3908 non
1079 3837 1165 3932 pelle
1175 3839 1347 3932 quiessem.
1359 3878 1408 3889 —

417 3946 481 4015 Sed
494 3948 642 4042 fulgente
656 3952 759 4021 trahit
772 3955 971 4021 constrictos
985 3951 1092 4047 gloria
1106 3977 1208 4020 curru

417 4061 494 4128 Nou
510 4061 620 4129 minus
635 4063 767 4156 ignotos
781 4068 958 4158 generosis.
974 4068 1114 4153 -Quo
1129 4065 1209 4148 tibi,
1222 4061 1319 4148 Tilli‚

417 4176 553 4243 Sumere
568 4175 754 4268 depositum
768 4177 917 4265 olavum,
931 4179 1069 4273 fierique
1084 4177 1247 4246 tribuno?
