3325 5342
214 739 238 769 v.
259 730 292 776 to
382 718 740 785 EPISTOLARUM
765 718 915 784 LIBER
940 720 964 785 1.
991 718 1023 786 6.
1123 724 1190 817 275

213 852 264 920 Ne
278 847 379 917 literis
393 845 448 912 hic
463 861 508 912 tu.
524 844 722 938 Chlamydes
737 846 915 934 Lucullus,
930 863 967 915 ut
981 850 1092 938 aiunt,

214 963 249 1030 Si
264 974 373 1054 posset
387 971 520 1027 centum
535 982 638 1025 sceuae
652 959 797 1051 praebere
813 975 965 1054 rogatus,

216 1074 310 1162 «Qui
319 1095 451 1167 possum
462 1068 712 1155 t0t?ait;tameu
720 1076 1194 1167 etquaeram‚et‚qu0thabebo,
1244 1065 1251 1074 ’

216 1188 386 1255 «Mittam.
398 1214 415 1248 »
429 1187 507 1252 Post
521 1182 621 1276 paulo
636 1183 768 1270 scribit,
781 1184 844 1252 sibi
860 1185 963 1255 millia
976 1189 1123 1283 quinque

218 1304 296 1369 Esse
310 1298 401 1365 domi
416 1296 646 1390 chlamydum
660 1311 806 1389 partem,
820 1298 872 1367 vel
888 1299 1015 1369 tolleret
1029 1327 1151 1373 omues.

218 1410 321 1480 Exilis
335 1410 452 1477 domus
466 1422 532 1494 est,
546 1408 603 1476 ubi
619 1432 686 1476 uon
702 1422 735 1475 et
749 1408 853 1477 multa
868 1429 1059 1504 supersunt,

218 1527 261 1593 Et
275 1523 447 1590 domiuum
460 1518 599 1606 fallunt,
613 1535 646 1589 et
660 1535 798 1614 prosunt
812 1522 949 1592 furibus.
964 1528 1071 1619 Ergo,

218 1640 253 1706 Si
269 1663 319 1706 res
333 1636 403 1705 sola
417 1627 526 1730 petest
541 1636 648 1704 facere
661 1650 695 1704 et
709 1659 838 1708 servare
851 1636 1002 1724 beatum,

221 1754 292 1819 Hoc
306 1750 432 1843 primus
446 1757 573 1841 repetas
588 1772 690 1841 opus,
704 1749 767 1816 hoc
780 1762 966 1840 postremus
979 1754 1120 1822 omittas.

221 1867 255 1934 Si
269 1864 473 1933 fortunatum
488 1865 612 1956 species
625 1878 658 1931 et
672 1864 779 1957 gratia
793 1878 944 1955 prestat,

221 1981 409 2047 Mercemur
421 1983 570 2061 servum,
583 1977 640 2069 qui
656 1975 758 2044 dictet
772 1977 925 2062 uomina,
939 1974 1055 2045 laevum

222 2090 290 2177 Qui
306 2088 427 2157 fodicet
440 2087 543 2171 latiis,
556 2104 590 2156 et
602 2102 700 2180 cogat
715 2103 806 2155 trans
819 2088 966 2181 pondera
980 2090 1127 2159 dextram

222 2203 404 2295 Porrigere.
419 2202 482 2269 Hic
495 2199 638 2269 multum
654 2201 688 2267 in
703 2200 805 2269 Fabia
819 2201 924 2286 valet,
938 2201 993 2271 ille
1007 2202 1144 2291 Veliua3

223 2314 371 2385 Cuilibet
384 2314 439 2381 hic
453 2313 555 2381 fasces
570 2312 679 2396 dabit,
693 2313 876 2407 eripietque
889 2313 1003 2384 curule

223 2429 287 2499 Cui
301 2426 389 2496 volet
402 2428 612 2520 importunus
627 2426 719 2494 ebur.
735 2429 866 2514 Frater,
880 2442 989 2522 pater,
1003 2428 1105 2510 adde;

223 2546 271 2612 Ut
283 2542 402 2634 cuique
415 2554 465 2608 est
477 2555 574 2624 etas,
589 2542 634 2608 ita
648 2564 814 2634 quemque
828 2540 952 2610 facetus
965 2541 1095 2636 adopta.

223 2654 276 2738 Si,
288 2653 372 2721 bene
385 2653 442 2744 qui
457 2666 584 2736 coenat,
598 2651 682 2720 bene
696 2652 795 2737 vivit3
810 2650 919 2737 lucet,
928 2678 1040 2723 samm

224 2768 301 2854 Quo
315 2764 406 2834 ducit
418 2764 515 2859 gula;
529 2767 711 2859 piscemur,
726 2790 901 2852 venemur;
915 2782 952 2835 ut
966 2767 1047 2836 olim

225 2877 411 2973 Gargilius,
425 2879 482 2972 qui
497 2903 595 2947 mane
610 2878 742 2974 plagas,
756 2879 938 2968 venabula,
952 2906 1080 2966 servos,

224 2989 404 3059 Differtum
420 2992 560 3060 transire
575 2990 684 3059 lorum
698 2991 925 3086 populumque
937 2993 1091 3085 jubebat,

224 3106 321 3173 Unus
334 3118 403 3172 ute
417 3103 530 3172 multis
543 3103 668 3198 populo
682 3119 851 3197 spectante
867 3105 1004 3174 referret

225 3218 383 3309 Emptum
397 3213 507 3283 mulus
521 3239 648 3310 aprum.
664 3215 770 3285 Crudi
786 3211 972 3311 tumidique
987 3217 1148 3299 lavemur,

226 3325 320 3415 Quid
334 3325 464 3412 deceat,
477 3326 558 3420 quid
573 3353 658 3415 nou,
671 3326 787 3416 obliti,
801 3330 920 3399 Caerite
933 3354 1007 3399 cera

227 3439 352 3533 Digni,
366 3439 541 3533 remigium
556 3439 712 3510 vitiosum
726 3443 906 3512 Ithacensis
920 3441 1048 3527 Ulixei,

227 3554 292 3622 Cui
306 3554 418 3646 potior
430 3555 537 3646 patria
551 3554 615 3624 fuit
630 3556 806 3625 interdicta
818 3556 979 3650 voluptas.

227 3665 281 3748 Si,
294 3665 513 3735 Mimnermus
527 3667 576 3734 uti
590 3683 719 3753 censet,
733 3668 803 3736 siue
816 3692 928 3736 amore
938 3668 1087 3760 jocisque

227 3777 284 3848 Nil
298 3793 347 3847 est
356 3780 560 3871 jucundum,
574 3781 664 3850 vivas
680 3782 713 3849 iu
728 3806 841 3849 amore
851 3782 1009 3874 jocisque.

229 3890 328 3975 Vive,
341 3890 422 3961 vale.
437 3893 472 3960 Si
486 3893 567 3985 quid
581 3894 707 3961 novisti·
713 3894 838 3962 rectius
853 3894 942 3977 istis,

229 4002 398 4072 Candidus
414 4005 566 4095 imperti3
580 4006 607 4073 si
623 4030 707 4091 nou,
720 4006 772 4073 his
786 4020 878 4073 utere
892 4028 1029 4073 mecum.

1061 4126 1099 4171 ra.
