<?xml version="1.0" encoding="UTF-8"?>
<!DOCTYPE html PUBLIC "-//W3C//DTD XHTML 1.0 Transitional//EN"
    "http://www.w3.org/TR/xhtml1/DTD/xhtml1-transitional.dtd">
<html xmlns="http://www.w3.org/1999/xhtml" xml:lang="en" lang="en">
 <head>
  <title>
</title>
<meta http-equiv="Content-Type" content="text/html;charset=utf-8" />
  <meta name='ocr-system' content='tesseract 3.04.00' />
  <meta name='ocr-capabilities' content='ocr_page ocr_carea ocr_par ocr_line ocrx_word'/>
</head>
<body>
  <div class='ocr_page' id='page_1' title='image "./quintushoratius00didogoog_0254.png"; bbox 0 0 3325 5342; ppageno 0'>
   <div class='ocr_carea' id='block_1_1' title="bbox 430 566 1415 662">
    <p class='ocr_par' dir='ltr' id='par_1_1' title="bbox 430 566 1415 662">
     <span class='ocr_line' id='line_1_1' title="bbox 430 566 1415 662; baseline -0.022 -14"><span class='ocrx_word' id='word_1_1' title='bbox 430 577 501 648; x_wconf 78' lang='lat'>216</span> <span class='ocrx_word' id='word_1_2' title='bbox 654 576 696 662; x_wconf 90' lang='lat' dir='ltr'>Q.</span> <span class='ocrx_word' id='word_1_3' title='bbox 728 570 954 640; x_wconf 83' lang='lat' dir='ltr'>HORATII</span> <span class='ocrx_word' id='word_1_4' title='bbox 986 566 1183 636; x_wconf 79' lang='lat' dir='ltr'>FLACCI</span> <span class='ocrx_word' id='word_1_5' title='bbox 1334 588 1360 619; x_wconf 82' lang='lat' dir='ltr'>v·</span> <span class='ocrx_word' id='word_1_6' title='bbox 1382 586 1415 637; x_wconf 87' lang='lat'>17</span> 
     </span>
    </p>
   </div>
   <div class='ocr_carea' id='block_1_2' title="bbox 426 697 1401 3627">
    <p class='ocr_par' dir='ltr' id='par_1_2' title="bbox 426 697 1387 913">
     <span class='ocr_line' id='line_1_2' title="bbox 426 697 1387 792; baseline -0.009 -15"><span class='ocrx_word' id='word_1_7' title='bbox 426 712 499 777; x_wconf 92' lang='lat' dir='ltr'>Hoc</span> <span class='ocrx_word' id='word_1_8' title='bbox 512 706 661 791; x_wconf 83' lang='lat' dir='ltr'>stabant,</span> <span class='ocrx_word' id='word_1_9' title='bbox 674 704 739 787; x_wconf 78' lang='lat' dir='ltr'>hoc</span> <span class='ocrx_word' id='word_1_10' title='bbox 751 715 828 770; x_wconf 92' lang='lat' dir='ltr'>sunt</span> <span class='ocrx_word' id='word_1_11' title='bbox 843 697 1013 783; x_wconf 79' lang='lat' dir='ltr'>imitandi3</span> <span class='ocrx_word' id='word_1_12' title='bbox 1026 721 1111 790; x_wconf 85' lang='lat' dir='ltr'>quos</span> <span class='ocrx_word' id='word_1_13' title='bbox 1125 721 1233 790; x_wconf 88' lang='lat' dir='ltr'>neque</span> <span class='ocrx_word' id='word_1_14' title='bbox 1247 699 1387 792; x_wconf 83' lang='lat' dir='ltr'>pulcher</span> 
     </span>
     <span class='ocr_line' id='line_1_3' title="bbox 426 811 1278 913; baseline -0.012 -22"><span class='ocrx_word' id='word_1_15' title='bbox 426 825 651 913; x_wconf 82' lang='lat' dir='ltr'>Hermogenes</span> <span class='ocrx_word' id='word_1_16' title='bbox 664 839 823 909; x_wconf 90' lang='lat' dir='ltr'>umquam</span> <span class='ocrx_word' id='word_1_17' title='bbox 839 812 936 906; x_wconf 88' lang='lat' dir='ltr'>legit,</span> <span class='ocrx_word' id='word_1_18' title='bbox 949 835 1056 905; x_wconf 90' lang='lat' dir='ltr'>neque</span> <span class='ocrx_word' id='word_1_19' title='bbox 1070 811 1187 880; x_wconf 89' lang='lat' dir='ltr'>simius</span> <span class='ocrx_word' id='word_1_20' title='bbox 1201 813 1278 898; x_wconf 89' lang='lat' dir='ltr'>iste,</span> 
     </span>
    </p>

    <p class='ocr_par' dir='ltr' id='par_1_3' title="bbox 427 922 1355 1242">
     <span class='ocr_line' id='line_1_4' title="bbox 428 922 1355 1025; baseline -0.01 -23"><span class='ocrx_word' id='word_1_21' title='bbox 428 932 485 1005; x_wconf 86' lang='lat' dir='ltr'>Nil</span> <span class='ocrx_word' id='word_1_22' title='bbox 499 945 618 1025; x_wconf 85' lang='lat' dir='ltr'>praeter</span> <span class='ocrx_word' id='word_1_23' title='bbox 632 927 773 999; x_wconf 88' lang='lat' dir='ltr'>Calvum</span> <span class='ocrx_word' id='word_1_24' title='bbox 787 941 821 993; x_wconf 90' lang='lat' dir='ltr'>et</span> <span class='ocrx_word' id='word_1_25' title='bbox 834 923 952 993; x_wconf 89' lang='lat' dir='ltr'>doctus</span> <span class='ocrx_word' id='word_1_26' title='bbox 965 936 1100 991; x_wconf 82' lang='lat' dir='ltr'>canure</span> <span class='ocrx_word' id='word_1_27' title='bbox 1113 922 1292 994; x_wconf 88' lang='lat' dir='ltr'>Catullum.</span> <span class='ocrx_word' id='word_1_28' title='bbox 1307 968 1355 978; x_wconf 94' lang='lat'><strong>—</strong></span> 
     </span>
     <span class='ocr_line' id='line_1_5' title="bbox 428 1037 1254 1139; baseline -0.012 -24"><span class='ocrx_word' id='word_1_29' title='bbox 428 1049 473 1115; x_wconf 84' lang='lat' dir='ltr'>At</span> <span class='ocrx_word' id='word_1_30' title='bbox 487 1069 645 1139; x_wconf 88' lang='lat' dir='ltr'>magnum</span> <span class='ocrx_word' id='word_1_31' title='bbox 659 1041 755 1125; x_wconf 84' lang='lat' dir='ltr'>fecit,</span> <span class='ocrx_word' id='word_1_32' title='bbox 768 1038 860 1133; x_wconf 92' lang='lat' dir='ltr'>quod</span> <span class='ocrx_word' id='word_1_33' title='bbox 874 1037 982 1105; x_wconf 91' lang='lat' dir='ltr'>verbis</span> <span class='ocrx_word' id='word_1_34' title='bbox 996 1039 1112 1106; x_wconf 85' lang='lat' dir='ltr'>Graeca</span> <span class='ocrx_word' id='word_1_35' title='bbox 1126 1037 1254 1106; x_wconf 86' lang='lat' dir='ltr'>Latinis</span> 
     </span>
     <span class='ocr_line' id='line_1_6' title="bbox 427 1146 1231 1242; baseline -0.011 -15"><span class='ocrx_word' id='word_1_36' title='bbox 427 1158 574 1227; x_wconf 77' lang='lat' dir='ltr'>Miscuit</span> <span class='ocrx_word' id='word_1_37' title='bbox 588 1197 637 1207; x_wconf 90' lang='lat'>-—</span> <span class='ocrx_word' id='word_1_38' title='bbox 651 1158 682 1223; x_wconf 96' lang='lat'>0</span> <span class='ocrx_word' id='word_1_39' title='bbox 697 1154 761 1222; x_wconf 89' lang='lat' dir='ltr'>seri</span> <span class='ocrx_word' id='word_1_40' title='bbox 776 1146 978 1221; x_wconf 88' lang='lat' dir='ltr'>studiorum!</span> <span class='ocrx_word' id='word_1_41' title='bbox 995 1150 1096 1242; x_wconf 84' lang='lat' dir='ltr'>quine</span> <span class='ocrx_word' id='word_1_42' title='bbox 1109 1151 1231 1242; x_wconf 86' lang='lat' dir='ltr'>putetis</span> 
     </span>
    </p>

    <p class='ocr_par' dir='ltr' id='par_1_4' title="bbox 427 1261 1397 1815">
     <span class='ocr_line' id='line_1_7' title="bbox 427 1261 1244 1356; baseline -0.012 -16"><span class='ocrx_word' id='word_1_43' title='bbox 427 1268 573 1341; x_wconf 88' lang='lat' dir='ltr'>Difficile</span> <span class='ocrx_word' id='word_1_44' title='bbox 587 1284 619 1337; x_wconf 90' lang='lat' dir='ltr'>et</span> <span class='ocrx_word' id='word_1_45' title='bbox 632 1268 754 1336; x_wconf 91' lang='lat' dir='ltr'>mirum</span> <span class='ocrx_word' id='word_1_46' title='bbox 768 1319 777 1352; x_wconf 91' lang='lat'>,</span> <span class='ocrx_word' id='word_1_47' title='bbox 792 1264 924 1333; x_wconf 89' lang='lat' dir='ltr'>Rhodio</span> <span class='ocrx_word' id='word_1_48' title='bbox 939 1261 1029 1356; x_wconf 92' lang='lat' dir='ltr'>quod</span> <span class='ocrx_word' id='word_1_49' title='bbox 1043 1262 1244 1332; x_wconf 86' lang='lat' dir='ltr'>Pitholeonti</span> 
     </span>
     <span class='ocr_line' id='line_1_8' title="bbox 429 1376 1320 1476; baseline -0.009 -23"><span class='ocrx_word' id='word_1_50' title='bbox 429 1381 603 1476; x_wconf 77' lang='lat' dir='ltr'>Contigit?</span> <span class='ocrx_word' id='word_1_51' title='bbox 616 1423 663 1434; x_wconf 90' lang='lat'>-</span> <span class='ocrx_word' id='word_1_52' title='bbox 677 1384 720 1450; x_wconf 82' lang='lat' dir='ltr'>At</span> <span class='ocrx_word' id='word_1_53' title='bbox 734 1403 843 1448; x_wconf 87' lang='lat' dir='ltr'>sermo</span> <span class='ocrx_word' id='word_1_54' title='bbox 857 1376 972 1472; x_wconf 89' lang='lat' dir='ltr'>lingua</span> <span class='ocrx_word' id='word_1_55' title='bbox 986 1377 1168 1445; x_wconf 88' lang='lat' dir='ltr'>concinnus</span> <span class='ocrx_word' id='word_1_56' title='bbox 1181 1391 1320 1471; x_wconf 89' lang='lat' dir='ltr'>utraque</span> 
     </span>
     <span class='ocr_line' id='line_1_9' title="bbox 428 1489 1340 1581; baseline -0.008 -16"><span class='ocrx_word' id='word_1_57' title='bbox 428 1497 583 1581; x_wconf 76' lang='lat' dir='ltr'>suavior,</span> <span class='ocrx_word' id='word_1_58' title='bbox 597 1510 634 1564; x_wconf 91' lang='lat' dir='ltr'>ut</span> <span class='ocrx_word' id='word_1_59' title='bbox 649 1494 735 1564; x_wconf 93' lang='lat' dir='ltr'>Chio</span> <span class='ocrx_word' id='word_1_60' title='bbox 750 1507 828 1561; x_wconf 90' lang='lat' dir='ltr'>nota</span> <span class='ocrx_word' id='word_1_61' title='bbox 841 1492 868 1560; x_wconf 89' lang='lat' dir='ltr'>si</span> <span class='ocrx_word' id='word_1_62' title='bbox 883 1491 1063 1560; x_wconf 86' lang='lat' dir='ltr'>commixta</span> <span class='ocrx_word' id='word_1_63' title='bbox 1075 1489 1206 1559; x_wconf 78' lang='lat' dir='ltr'>Falerni</span> <span class='ocrx_word' id='word_1_64' title='bbox 1220 1504 1277 1559; x_wconf 85' lang='lat' dir='ltr'>est</span> <span class='ocrx_word' id='word_1_65' title='bbox 1290 1531 1340 1542; x_wconf 92' lang='lat'>—</span> 
     </span>
     <span class='ocr_line' id='line_1_10' title="bbox 428 1598 1397 1698; baseline -0.007 -20"><span class='ocrx_word' id='word_1_66' title='bbox 428 1611 543 1698; x_wconf 86' lang='lat' dir='ltr'>Quum</span> <span class='ocrx_word' id='word_1_67' title='bbox 556 1632 669 1677; x_wconf 89' lang='lat' dir='ltr'>versus</span> <span class='ocrx_word' id='word_1_68' title='bbox 684 1598 801 1693; x_wconf 82' lang='lat' dir='ltr'>facias,</span> <span class='ocrx_word' id='word_1_69' title='bbox 814 1600 848 1673; x_wconf 86' lang='lat' dir='ltr'>te</span> <span class='ocrx_word' id='word_1_70' title='bbox 860 1606 970 1698; x_wconf 89' lang='lat' dir='ltr'>ipsum</span> <span class='ocrx_word' id='word_1_71' title='bbox 985 1619 1177 1698; x_wconf 88' lang='lat' dir='ltr'>percontor,</span> <span class='ocrx_word' id='word_1_72' title='bbox 1191 1629 1234 1672; x_wconf 89' lang='lat' dir='ltr'>an</span> <span class='ocrx_word' id='word_1_73' title='bbox 1248 1619 1281 1672; x_wconf 91' lang='lat' dir='ltr'>et</span> <span class='ocrx_word' id='word_1_74' title='bbox 1294 1628 1397 1698; x_wconf 90' lang='lat' dir='ltr'>quum</span> 
     </span>
     <span class='ocr_line' id='line_1_11' title="bbox 428 1717 1179 1815; baseline -0.007 -24"><span class='ocrx_word' id='word_1_75' title='bbox 428 1726 526 1791; x_wconf 90' lang='lat' dir='ltr'>Dura</span> <span class='ocrx_word' id='word_1_76' title='bbox 539 1722 600 1789; x_wconf 87' lang='lat' dir='ltr'>tihi</span> <span class='ocrx_word' id='word_1_77' title='bbox 614 1720 804 1815; x_wconf 81' lang='lat' dir='ltr'>peragenda</span> <span class='ocrx_word' id='word_1_78' title='bbox 818 1720 865 1788; x_wconf 90' lang='lat' dir='ltr'>rei</span> <span class='ocrx_word' id='word_1_79' title='bbox 879 1720 922 1788; x_wconf 90' lang='lat' dir='ltr'>sit</span> <span class='ocrx_word' id='word_1_80' title='bbox 936 1743 1035 1788; x_wconf 88' lang='lat' dir='ltr'>causa</span> <span class='ocrx_word' id='word_1_81' title='bbox 1048 1717 1179 1807; x_wconf 84' lang='lat' dir='ltr'>Petilli?</span> 
     </span>
    </p>

    <p class='ocr_par' dir='ltr' id='par_1_5' title="bbox 431 1832 1222 1926">
     <span class='ocr_line' id='line_1_12' title="bbox 431 1832 1222 1926; baseline -0.004 -23"><span class='ocrx_word' id='word_1_82' title='bbox 431 1833 562 1904; x_wconf 85' lang='lat' dir='ltr'>Scilicet</span> <span class='ocrx_word' id='word_1_83' title='bbox 576 1832 699 1901; x_wconf 91' lang='lat' dir='ltr'>oblitus</span> <span class='ocrx_word' id='word_1_84' title='bbox 712 1832 892 1925; x_wconf 73' lang='lat' dir='ltr'>patriaque</span> <span class='ocrx_word' id='word_1_85' title='bbox 906 1832 1091 1926; x_wconf 85' lang='lat' dir='ltr'>patrisque,</span> <span class='ocrx_word' id='word_1_86' title='bbox 1104 1832 1222 1901; x_wconf 85' lang='lat' dir='ltr'>Latine</span> 
     </span>
    </p>

    <p class='ocr_par' dir='ltr' id='par_1_6' title="bbox 429 1943 1271 2151">
     <span class='ocr_line' id='line_1_13' title="bbox 429 1943 1271 2038; baseline -0.002 -23"><span class='ocrx_word' id='word_1_87' title='bbox 429 1948 543 2035; x_wconf 90' lang='lat' dir='ltr'>Quum</span> <span class='ocrx_word' id='word_1_88' title='bbox 556 1945 677 2014; x_wconf 91' lang='lat' dir='ltr'>Pedius</span> <span class='ocrx_word' id='word_1_89' title='bbox 690 1970 805 2014; x_wconf 88' lang='lat' dir='ltr'>causas</span> <span class='ocrx_word' id='word_1_90' title='bbox 818 1945 955 2014; x_wconf 89' lang='lat' dir='ltr'>exsudet</span> <span class='ocrx_word' id='word_1_91' title='bbox 968 1943 1158 2031; x_wconf 85' lang='lat' dir='ltr'>Publicola,</span> <span class='ocrx_word' id='word_1_92' title='bbox 1171 1959 1271 2038; x_wconf 89' lang='lat' dir='ltr'>atque</span> 
     </span>
     <span class='ocr_line' id='line_1_14' title="bbox 431 2058 1097 2151; baseline -0.003 -23"><span class='ocrx_word' id='word_1_93' title='bbox 431 2059 616 2145; x_wconf 87' lang='lat' dir='ltr'>Corvinus,</span> <span class='ocrx_word' id='word_1_94' title='bbox 629 2058 745 2151; x_wconf 88' lang='lat' dir='ltr'>patriis</span> <span class='ocrx_word' id='word_1_95' title='bbox 760 2059 982 2128; x_wconf 88' lang='lat' dir='ltr'>intermiscere</span> <span class='ocrx_word' id='word_1_96' title='bbox 995 2060 1097 2151; x_wconf 88' lang='lat' dir='ltr'>petita</span> 
     </span>
    </p>

    <p class='ocr_par' dir='ltr' id='par_1_7' title="bbox 429 2170 1237 2266">
     <span class='ocr_line' id='line_1_15' title="bbox 429 2170 1237 2266; baseline -0.002 -25"><span class='ocrx_word' id='word_1_97' title='bbox 429 2172 539 2241; x_wconf 89' lang='lat' dir='ltr'>Verba</span> <span class='ocrx_word' id='word_1_98' title='bbox 554 2171 634 2240; x_wconf 88' lang='lat' dir='ltr'>foris</span> <span class='ocrx_word' id='word_1_99' title='bbox 648 2171 762 2258; x_wconf 89' lang='lat' dir='ltr'>malis,</span> <span class='ocrx_word' id='word_1_100' title='bbox 774 2173 935 2241; x_wconf 88' lang='lat' dir='ltr'>Canusini</span> <span class='ocrx_word' id='word_1_101' title='bbox 950 2197 1042 2240; x_wconf 88' lang='lat' dir='ltr'>more</span> <span class='ocrx_word' id='word_1_102' title='bbox 1055 2170 1237 2266; x_wconf 83' lang='lat' dir='ltr'>bilinguis?</span> 
     </span>
    </p>

    <p class='ocr_par' dir='ltr' id='par_1_8' title="bbox 429 2285 1401 2606">
     <span class='ocr_line' id='line_1_16' title="bbox 429 2285 1398 2379; baseline -0.001 -25"><span class='ocrx_word' id='word_1_103' title='bbox 429 2285 552 2377; x_wconf 84' lang='lat' dir='ltr'>Atqui,</span> <span class='ocrx_word' id='word_1_104' title='bbox 565 2310 627 2379; x_wconf 91' lang='lat' dir='ltr'>ego</span> <span class='ocrx_word' id='word_1_105' title='bbox 641 2309 745 2378; x_wconf 90' lang='lat' dir='ltr'>quum</span> <span class='ocrx_word' id='word_1_106' title='bbox 759 2288 895 2354; x_wconf 64' lang='lat' dir='ltr'>Grecos</span> <span class='ocrx_word' id='word_1_107' title='bbox 910 2285 1069 2372; x_wconf 88' lang='lat' dir='ltr'>facerem,</span> <span class='ocrx_word' id='word_1_108' title='bbox 1083 2300 1181 2355; x_wconf 85' lang='lat' dir='ltr'>natus</span> <span class='ocrx_word' id='word_1_109' title='bbox 1194 2310 1285 2354; x_wconf 88' lang='lat' dir='ltr'>mare</span> <span class='ocrx_word' id='word_1_110' title='bbox 1298 2286 1398 2370; x_wconf 86' lang='lat' dir='ltr'>citra,</span> 
     </span>
     <span class='ocr_line' id='line_1_17' title="bbox 430 2394 1401 2488; baseline 0 -21"><span class='ocrx_word' id='word_1_111' title='bbox 430 2396 753 2484; x_wconf 77' lang='lat' dir='ltr'>Versiculos,vetuit</span> <span class='ocrx_word' id='word_1_112' title='bbox 768 2424 822 2467; x_wconf 90' lang='lat' dir='ltr'>me</span> <span class='ocrx_word' id='word_1_113' title='bbox 836 2399 893 2468; x_wconf 90' lang='lat' dir='ltr'>tali</span> <span class='ocrx_word' id='word_1_114' title='bbox 907 2424 987 2468; x_wconf 90' lang='lat' dir='ltr'>voce</span> <span class='ocrx_word' id='word_1_115' title='bbox 1001 2400 1181 2488; x_wconf 90' lang='lat' dir='ltr'>Quirinus,</span> <span class='ocrx_word' id='word_1_116' title='bbox 1396 2394 1401 2402; x_wconf 71' lang='grc'>’</span> 
     </span>
     <span class='ocr_line' id='line_1_18' title="bbox 429 2512 1301 2606; baseline 0.001 -27"><span class='ocrx_word' id='word_1_117' title='bbox 429 2513 509 2580; x_wconf 86' lang='lat' dir='ltr'>Post</span> <span class='ocrx_word' id='word_1_118' title='bbox 522 2512 664 2580; x_wconf 89' lang='lat' dir='ltr'>mediam</span> <span class='ocrx_word' id='word_1_119' title='bbox 678 2525 809 2580; x_wconf 90' lang='lat' dir='ltr'>noctem</span> <span class='ocrx_word' id='word_1_120' title='bbox 824 2514 932 2598; x_wconf 85' lang='lat' dir='ltr'>visus,</span> <span class='ocrx_word' id='word_1_121' title='bbox 947 2537 1050 2606; x_wconf 90' lang='lat' dir='ltr'>quum</span> <span class='ocrx_word' id='word_1_122' title='bbox 1065 2514 1192 2581; x_wconf 85' lang='lat' dir='ltr'>somnia</span> <span class='ocrx_word' id='word_1_123' title='bbox 1206 2537 1301 2581; x_wconf 88' lang='lat' dir='ltr'>vera:</span> 
     </span>
    </p>

    <p class='ocr_par' dir='ltr' id='par_1_9' title="bbox 434 2623 1199 2719">
     <span class='ocr_line' id='line_1_19' title="bbox 434 2623 1199 2719; baseline 0.009 -32"><span class='ocrx_word' id='word_1_124' title='bbox 434 2653 450 2687; x_wconf 70' lang='grc' dir='ltr'>ι(</span> <span class='ocrx_word' id='word_1_125' title='bbox 465 2628 504 2692; x_wconf 90' lang='lat' dir='ltr'>In</span> <span class='ocrx_word' id='word_1_126' title='bbox 520 2623 635 2693; x_wconf 86' lang='lat' dir='ltr'>silvam</span> <span class='ocrx_word' id='word_1_127' title='bbox 650 2650 717 2693; x_wconf 91' lang='lat' dir='ltr'>non</span> <span class='ocrx_word' id='word_1_128' title='bbox 733 2625 825 2719; x_wconf 90' lang='lat' dir='ltr'>ligna</span> <span class='ocrx_word' id='word_1_129' title='bbox 840 2625 925 2695; x_wconf 80' lang='lat' dir='ltr'>feras</span> <span class='ocrx_word' id='word_1_130' title='bbox 938 2627 1106 2712; x_wconf 89' lang='lat' dir='ltr'>insanius,</span> <span class='ocrx_word' id='word_1_131' title='bbox 1119 2651 1158 2694; x_wconf 88' lang='lat' dir='ltr'>ac</span> <span class='ocrx_word' id='word_1_132' title='bbox 1172 2628 1199 2694; x_wconf 89' lang='lat' dir='ltr'>si</span> 
     </span>
    </p>

    <p class='ocr_par' dir='ltr' id='par_1_10' title="bbox 428 2739 1354 3061">
     <span class='ocr_line' id='line_1_20' title="bbox 429 2739 1265 2833; baseline 0.006 -33"><span class='ocrx_word' id='word_1_133' title='bbox 429 2741 599 2832; x_wconf 87' lang='lat' dir='ltr'>«Magnas</span> <span class='ocrx_word' id='word_1_134' title='bbox 612 2741 806 2808; x_wconf 70' lang='lat' dir='ltr'>Graecorum</span> <span class='ocrx_word' id='word_1_135' title='bbox 821 2739 918 2809; x_wconf 89' lang='lat' dir='ltr'>malis</span> <span class='ocrx_word' id='word_1_136' title='bbox 933 2740 1069 2833; x_wconf 88' lang='lat' dir='ltr'>implere</span> <span class='ocrx_word' id='word_1_137' title='bbox 1082 2755 1265 2809; x_wconf 77' lang='lat' dir='ltr'>catervas.»</span> 
     </span>
     <span class='ocr_line' id='line_1_21' title="bbox 428 2850 1354 2948; baseline 0.001 -29"><span class='ocrx_word' id='word_1_138' title='bbox 428 2850 595 2945; x_wconf 88' lang='lat' dir='ltr'>Turgidus</span> <span class='ocrx_word' id='word_1_139' title='bbox 607 2850 747 2945; x_wconf 80' lang='lat' dir='ltr'>Alpinus</span> <span class='ocrx_word' id='word_1_140' title='bbox 756 2851 890 2948; x_wconf 84' lang='lat' dir='ltr'>jugulat</span> <span class='ocrx_word' id='word_1_141' title='bbox 904 2853 984 2921; x_wconf 93' lang='lat' dir='ltr'>dum</span> <span class='ocrx_word' id='word_1_142' title='bbox 998 2857 1196 2939; x_wconf 85' lang='lat' dir='ltr'>Memnona,</span> <span class='ocrx_word' id='word_1_143' title='bbox 1210 2854 1354 2947; x_wconf 89' lang='lat' dir='ltr'>dumque</span> 
     </span>
     <span class='ocr_line' id='line_1_22' title="bbox 429 2962 1241 3061; baseline 0.004 -29"><span class='ocrx_word' id='word_1_144' title='bbox 429 2963 578 3058; x_wconf 85' lang='lat' dir='ltr'>Delingit</span> <span class='ocrx_word' id='word_1_145' title='bbox 591 2963 699 3033; x_wconf 87' lang='lat' dir='ltr'>Rheni</span> <span class='ocrx_word' id='word_1_146' title='bbox 714 2962 839 3034; x_wconf 87' lang='lat' dir='ltr'>luteum</span> <span class='ocrx_word' id='word_1_147' title='bbox 854 2982 970 3060; x_wconf 88' lang='lat' dir='ltr'>caput;</span> <span class='ocrx_word' id='word_1_148' title='bbox 984 2967 1054 3035; x_wconf 79' lang='lat' dir='ltr'>haec</span> <span class='ocrx_word' id='word_1_149' title='bbox 1067 2991 1129 3061; x_wconf 92' lang='lat' dir='ltr'>ego</span> <span class='ocrx_word' id='word_1_150' title='bbox 1144 2965 1241 3053; x_wconf 90' lang='lat' dir='ltr'>ludo,</span> 
     </span>
    </p>

    <p class='ocr_par' dir='ltr' id='par_1_11' title="bbox 428 3078 1379 3515">
     <span class='ocr_line' id='line_1_23' title="bbox 429 3078 1347 3173; baseline 0.007 -30"><span class='ocrx_word' id='word_1_151' title='bbox 429 3078 513 3165; x_wconf 81' lang='lat' dir='ltr'>Quae</span> <span class='ocrx_word' id='word_1_152' title='bbox 526 3102 633 3170; x_wconf 88' lang='lat' dir='ltr'>neque</span> <span class='ocrx_word' id='word_1_153' title='bbox 647 3078 680 3145; x_wconf 93' lang='lat' dir='ltr'>in</span> <span class='ocrx_word' id='word_1_154' title='bbox 695 3078 764 3147; x_wconf 83' lang='lat' dir='ltr'>aede</span> <span class='ocrx_word' id='word_1_155' title='bbox 778 3095 896 3148; x_wconf 91' lang='lat' dir='ltr'>sonent</span> <span class='ocrx_word' id='word_1_156' title='bbox 910 3081 1087 3167; x_wconf 84' lang='lat' dir='ltr'>certantia,</span> <span class='ocrx_word' id='word_1_157' title='bbox 1098 3080 1209 3172; x_wconf 87' lang='lat' dir='ltr'>judice</span> <span class='ocrx_word' id='word_1_158' title='bbox 1222 3083 1347 3173; x_wconf 85' lang='lat' dir='ltr'>Tarpa,</span> 
     </span>
     <span class='ocr_line' id='line_1_24' title="bbox 428 3190 1379 3286; baseline 0 -26"><span class='ocrx_word' id='word_1_159' title='bbox 428 3191 498 3260; x_wconf 89' lang='lat' dir='ltr'>Nec</span> <span class='ocrx_word' id='word_1_160' title='bbox 511 3190 646 3258; x_wconf 89' lang='lat' dir='ltr'>redeant</span> <span class='ocrx_word' id='word_1_161' title='bbox 659 3192 779 3261; x_wconf 84' lang='lat' dir='ltr'>iterum</span> <span class='ocrx_word' id='word_1_162' title='bbox 793 3207 894 3286; x_wconf 85' lang='lat' dir='ltr'>atque</span> <span class='ocrx_word' id='word_1_163' title='bbox 908 3194 1029 3262; x_wconf 85' lang='lat' dir='ltr'>iterum</span> <span class='ocrx_word' id='word_1_164' title='bbox 1043 3194 1220 3286; x_wconf 80' lang='lat' dir='ltr'>spectanda</span> <span class='ocrx_word' id='word_1_165' title='bbox 1234 3192 1379 3262; x_wconf 85' lang='lat' dir='ltr'>theatris.</span> 
     </span>
     <span class='ocr_line' id='line_1_25' title="bbox 428 3305 1232 3400; baseline 0.006 -29"><span class='ocrx_word' id='word_1_166' title='bbox 428 3305 557 3397; x_wconf 79' lang='lat' dir='ltr'>Arguta</span> <span class='ocrx_word' id='word_1_167' title='bbox 571 3306 742 3374; x_wconf 86' lang='lat' dir='ltr'>meretrice</span> <span class='ocrx_word' id='word_1_168' title='bbox 756 3320 868 3399; x_wconf 86' lang='lat' dir='ltr'>potes,</span> <span class='ocrx_word' id='word_1_169' title='bbox 881 3311 1043 3400; x_wconf 86' lang='lat' dir='ltr'>Davoque</span> <span class='ocrx_word' id='word_1_170' title='bbox 1057 3306 1232 3377; x_wconf 87' lang='lat' dir='ltr'>Chremeta</span> 
     </span>
     <span class='ocr_line' id='line_1_26' title="bbox 428 3414 1151 3515; baseline 0.011 -33"><span class='ocrx_word' id='word_1_171' title='bbox 428 3414 590 3485; x_wconf 90' lang='lat' dir='ltr'>Eludente</span> <span class='ocrx_word' id='word_1_172' title='bbox 603 3443 732 3506; x_wconf 89' lang='lat' dir='ltr'>senem,</span> <span class='ocrx_word' id='word_1_173' title='bbox 745 3420 850 3488; x_wconf 91' lang='lat' dir='ltr'>comis</span> <span class='ocrx_word' id='word_1_174' title='bbox 865 3421 992 3515; x_wconf 83' lang='lat' dir='ltr'>garrire</span> <span class='ocrx_word' id='word_1_175' title='bbox 1006 3419 1151 3507; x_wconf 90' lang='lat' dir='ltr'>libellos,</span> 
     </span>
    </p>

    <p class='ocr_par' dir='ltr' id='par_1_12' title="bbox 429 3530 1139 3627">
     <span class='ocr_line' id='line_1_27' title="bbox 429 3530 1139 3627; baseline 0.004 -30"><span class='ocrx_word' id='word_1_176' title='bbox 429 3532 525 3597; x_wconf 89' lang='lat' dir='ltr'>Unus</span> <span class='ocrx_word' id='word_1_177' title='bbox 539 3530 710 3619; x_wconf 89' lang='lat' dir='ltr'>vivorum,</span> <span class='ocrx_word' id='word_1_178' title='bbox 723 3536 750 3601; x_wconf 93' lang='lat' dir='ltr'><strong>F</strong></span> <span class='ocrx_word' id='word_1_179' title='bbox 751 3534 888 3603; x_wconf 89' lang='lat' dir='ltr'>undani.</span> <span class='ocrx_word' id='word_1_180' title='bbox 903 3532 1010 3603; x_wconf 91' lang='lat' dir='ltr'>Pollio</span> <span class='ocrx_word' id='word_1_181' title='bbox 1025 3558 1139 3627; x_wconf 88' lang='lat' dir='ltr'>regum</span> 
     </span>
    </p>
   </div>
   <div class='ocr_carea' id='block_1_3' title="bbox 427 3643 1290 4075">
    <p class='ocr_par' dir='ltr' id='par_1_13' title="bbox 427 3643 1290 4075">
     <span class='ocr_line' id='line_1_28' title="bbox 428 3643 1290 3741; baseline 0.007 -34"><span class='ocrx_word' id='word_1_182' title='bbox 428 3643 526 3708; x_wconf 85' lang='lat' dir='ltr'>Facta</span> <span class='ocrx_word' id='word_1_183' title='bbox 540 3644 645 3730; x_wconf 87' lang='lat' dir='ltr'>canit,</span> <span class='ocrx_word' id='word_1_184' title='bbox 659 3644 743 3739; x_wconf 89' lang='lat' dir='ltr'>pede</span> <span class='ocrx_word' id='word_1_185' title='bbox 757 3661 808 3714; x_wconf 89' lang='lat' dir='ltr'>ter</span> <span class='ocrx_word' id='word_1_186' title='bbox 821 3672 995 3741; x_wconf 79' lang='lat' dir='ltr'>percuss03</span> <span class='ocrx_word' id='word_1_187' title='bbox 1009 3647 1093 3715; x_wconf 83' lang='lat' dir='ltr'>forte</span> <span class='ocrx_word' id='word_1_188' title='bbox 1106 3657 1186 3740; x_wconf 89' lang='lat' dir='ltr'>epos</span> <span class='ocrx_word' id='word_1_189' title='bbox 1199 3646 1290 3732; x_wconf 80' lang='lat' dir='ltr'>acer,</span> 
     </span>
     <span class='ocr_line' id='line_1_29' title="bbox 427 3756 1245 3854; baseline 0.005 -32"><span class='ocrx_word' id='word_1_190' title='bbox 427 3756 473 3822; x_wconf 89' lang='lat' dir='ltr'>Ut</span> <span class='ocrx_word' id='word_1_191' title='bbox 487 3779 602 3841; x_wconf 88' lang='lat' dir='ltr'>nemo,</span> <span class='ocrx_word' id='word_1_192' title='bbox 615 3759 736 3826; x_wconf 87' lang='lat' dir='ltr'>Varius</span> <span class='ocrx_word' id='word_1_193' title='bbox 751 3760 861 3846; x_wconf 75' lang='lat' dir='ltr'>ducit,</span> <span class='ocrx_word' id='word_1_194' title='bbox 875 3758 975 3829; x_wconf 89' lang='lat' dir='ltr'>molle</span> <span class='ocrx_word' id='word_1_195' title='bbox 989 3775 1089 3854; x_wconf 90' lang='lat' dir='ltr'>atque</span> <span class='ocrx_word' id='word_1_196' title='bbox 1103 3760 1245 3828; x_wconf 86' lang='lat' dir='ltr'>facetum</span> 
     </span>
     <span class='ocr_line' id='line_1_30' title="bbox 427 3865 1234 3966; baseline 0.007 -33"><span class='ocrx_word' id='word_1_197' title='bbox 427 3865 570 3958; x_wconf 87' lang='lat' dir='ltr'>Virgilio</span> <span class='ocrx_word' id='word_1_198' title='bbox 584 3887 774 3939; x_wconf 85' lang='lat' dir='ltr'>annuerunt</span> <span class='ocrx_word' id='word_1_199' title='bbox 788 3874 967 3966; x_wconf 87' lang='lat' dir='ltr'>gaudentes</span> <span class='ocrx_word' id='word_1_200' title='bbox 982 3899 1059 3942; x_wconf 88' lang='lat' dir='ltr'>rure</span> <span class='ocrx_word' id='word_1_201' title='bbox 1074 3876 1234 3943; x_wconf 78' lang='lat' dir='ltr'>Camena.</span> 
     </span>
     <span class='ocr_line' id='line_1_31' title="bbox 427 3980 1219 4075; baseline 0.013 -32"><span class='ocrx_word' id='word_1_202' title='bbox 427 3980 499 4044; x_wconf 91' lang='lat' dir='ltr'>Hoc</span> <span class='ocrx_word' id='word_1_203' title='bbox 511 3996 598 4064; x_wconf 86' lang='lat' dir='ltr'>erat,</span> <span class='ocrx_word' id='word_1_204' title='bbox 611 3998 745 4075; x_wconf 89' lang='lat' dir='ltr'>experto</span> <span class='ocrx_word' id='word_1_205' title='bbox 760 3986 882 4054; x_wconf 89' lang='lat' dir='ltr'>frustra</span> <span class='ocrx_word' id='word_1_206' title='bbox 896 3990 1047 4056; x_wconf 87' lang='lat' dir='ltr'>Varrone</span> <span class='ocrx_word' id='word_1_207' title='bbox 1061 3987 1219 4066; x_wconf 82' lang='lat' dir='ltr'>Atacino,</span> 
     </span>
    </p>
   </div>
   <div class='ocr_carea' id='block_1_4' title="bbox 0 0 1668 5342">
    <p class='ocr_par' dir='ltr' id='par_1_14' title="bbox 0 0 1668 5342">
     <span class='ocr_line' id='line_1_32' title="bbox 0 0 1668 5342; baseline 0 0"><span class='ocrx_word' id='word_1_208' title='bbox 0 0 1668 5342; x_wconf 95' lang='lat' dir='ltr'> </span> 
     </span>
    </p>
   </div>
  </div>
 </body>
</html>
