3325 5342
470 646 538 732 254
697 648 740 734 Q.
772 645 997 713 HORATll
1029 645 1225 714 FLAGCI
1379 668 1402 696 *-
1430 656 1460 698 ¹3

468 784 540 848 Jam
555 778 701 846 moeehus
716 776 927 866 Minodum
942 772 1056 842 mallet
1070 774 1187 844 doctor
1199 777 1338 847 Athenis

467 894 607 976 Vivere,
621 889 834 974 Vertumnis,
848 901 1013 982 quotquot
1025 904 1121 975 sunt,
1136 905 1231 959 natus
1246 893 1380 984 iniquis.

469 1009 589 1075 Scurra
603 1004 818 1087 Volanerius,
833 1017 1009 1096 postquem
1023 1002 1072 1072 itti
1082 1004 1172 1095 justa
1185 1005 1343 1099 cheragra

469 1118 632 1189 Contudit
643 1115 817 1199 articulos,
830 1117 889 1209 qui
903 1141 965 1210 pro
978 1142 1013 1185 se
1026 1114 1174 1203 tolleret,
1186 1132 1285 1211 atque

469 1234 617 1301 Mitteret
631 1232 665 1298 in
679 1230 833 1324 phimum
846 1229 949 1316 talos,
964 1231 1113 1300 mercede
1125 1230 1243 1300 diurne

469 1347 681 1416 Conductum
697 1348 796 1438 pavit.
813 1347 950 1433 Quanto
964 1348 1168 1415 constantior
1183 1348 1268 1416 idem

470 1464 508 1528 ln
523 1460 628 1544 vitiis,
641 1473 735 1527 tanto
750 1457 852 1528 levius
867 1461 967 1528 miser
979 1485 1018 1529 ac
1031 1461 1124 1553 prior
1138 1460 1212 1547 illo,

470 1576 538 1663 Qui
550 1575 620 1666 jam
635 1588 807 1659 contento,
818 1575 889 1666 jam
904 1572 978 1643 laxo
992 1574 1072 1643 fiune
1085 1572 1221 1643 laborat.

855 1728 1066 1776 numius,

470 1839 546 1905 Non
561 1836 648 1904 dices
662 1836 776 1915 hodie,
791 1860 950 1929 quorsum
965 1839 1034 1907 haec
1049 1854 1116 1905 tam
1130 1837 1245 1930 putida
1260 1839 1412 1920 tendant,

470 1957 640 2026 Furcifer?

894 2097 1027 2142 uivus

650 2200 701 2269 Ad
712 2214 761 2287 te,
775 2202 921 2294 inquam,

855 2356 1066 2404 nonarius.

935 2464 1013 2551 Quo
1024 2478 1134 2556 paeto,
1146 2465 1304 2556 pessime?

893 2625 1027 2670 navos

1287 2715 1290 2719 ’
1319 2714 1450 2783 Laudas

469 2829 650 2893 Fortunam
666 2841 698 2893 et
712 2852 820 2894 mores
836 2829 978 2921 antiquae
992 2826 1113 2921 plebis,
1127 2844 1159 2895 et
1172 2828 1277 2914 idem,

469 2941 502 3006 Si
518 2940 592 3032 quis
607 2938 649 3006 ad
664 2936 719 3007 ilia
734 2943 825 3008 Deus
840 2940 950 3008 subito
965 2957 996 3009 te
1009 2957 1102 3035 agat,
1116 2966 1219 3035 usque
1234 2967 1377 3023 recuses;

470 3056 536 3120 Aut
551 3053 629 3145 quia
644 3079 710 3121 nnn
724 3055 846 3140 sentis,
860 3054 948 3148 qnod
964 3054 1102 3139 clamas,
1117 3056 1236 3123 rectius
1249 3080 1335 3139 esse,

468 3170 534 3235 Aut
548 3167 627 3259 quia
641 3192 709 3235 non
724 3166 843 3237 firmus
857 3185 984 3237 rectum
999 3169 1163 3256 defendis,
1177 3184 1210 3237 et
1224 3170 1342 3249 haeres,

467 3280 700 3373 Nequidquam
715 3307 809 3351 ooeno
824 3285 961 3377 cupiens
973 3281 1111 3352 evellere
1125 3283 1281 3377 plantam.

468 3396 581 3460 Romae
596 3416 652 3461 rus
665 3409 778 3488 optas,
791 3395 961 3464 absentem
976 3397 1117 3467 meinis
1131 3396 1246 3464 urbem

467 3506 569 3575 Toliis
583 3508 626 3577 od
639 3525 727 3579 astra
742 3509 830 3580 ieris.
844 3512 881 3579 Si
897 3537 1059 3605 nusquam
1074 3537 1108 3580 es
1120 3512 1207 3581 forte
1220 3526 1354 3579 vocatus

467 3621 519 3690 Ad
535 3647 679 3709 coenam,
693 3623 807 3695 laudas
822 3651 975 3695 seotrrum
993 3626 1084 3712 oius,
1099 3652 1154 3713 ae,
1168 3626 1257 3697 vetut
1268 3651 1411 3719 usquam

465 3737 607 3806 Vinctus
620 3762 693 3821 eas,
707 3740 754 3808 ite
765 3755 800 3808 te
812 3741 943 3811 felicem
958 3741 1059 3827 dieis,
1073 3765 1230 3834 urnasque
1239 3777 1254 3824 ,·

466 3851 568 3936 Quod
583 3878 746 3947 nusquam
761 3856 823 3923 tibi
837 3857 880 3925 sit
890 3857 1086 3950 potandum.
1099 3856 1235 3927 Jnsserir
1249 3857 1290 3923 ad
1305 3879 1340 3923 se

465 3966 627 4034 Maecenas
642 3992 752 4037 serum
767 3969 828 4037 sub
841 3969 969 4038 iumine
981 3972 1091 4065 prima
1106 3969 1217 4041 neuim

465 4078 666 4147 Convivam:
683 4111 698 4143 «
710 4083 850 4151 Nemon'
864 4084 972 4153 oleum
988 4085 1051 4152 fert
1063 4084 1179 4153 ocius?
1192 4083 1314 4174 Ecquis
