3325 5342
443 652 737 722 CARMINUM
767 652 924 719 LIBER
955 652 980 716 Ι.
1159 649 1202 745 37

222 874 800 895 WMMUSW

521 1051 663 1137 ODE
704 1050 913 1136 XXXI.

529 1278 588 1331 AD
615 1274 898 1330 APOLLINEM.

368 1462 464 1545 Qum
477 1454 663 1523 dedicatum
678 1453 784 1546 poscit
798 1450 987 1545 Apollinem
1011 1470 1016 1477 ·

367 1568 488 1638 Vates?
501 1568 581 1662 quid
595 1582 687 1652 orat,
701 1566 742 1635 de
756 1580 869 1660 patera
883 1591 1006 1635 novum

414 1680 567 1750 Fundens
579 1678 767 1774 liquorem?
779 1680 856 1749 Non
870 1679 989 1773 opimae

461 1795 621 1863 Sardiniae
635 1807 760 1889 segetes
775 1791 915 1878 feraces,

367 2022 441 2091 Non
455 2035 601 2089 aestuosae
616 2035 710 2115 grata
724 2020 886 2093 calabria

368 2136 543 2221 Armenta,
556 2161 625 2204 non
639 2159 758 2203 aurum
774 2149 832 2203 aut
845 2134 929 2205 ebur
942 2134 1112 2219 Indicum,

415 2250 490 2319 Non
505 2273 600 2336 rura,
614 2274 687 2343 quae
702 2249 789 2319 Liris
803 2249 915 2343 quieta
936 2314 940 2327 ,

467 2365 599 2445 Mordet
611 2389 715 2458 aqua,
729 2364 913 2434 taciturnus
927 2364 1043 2432 amnis.

367 2593 525 2660 Premant
539 2591 695 2663 Calenam
709 2590 810 2678 falce,
824 2591 946 2684 quihus
959 2591 1050 2660 dedit

366 2707 530 2792 Fortuna,
543 2706 662 2791 vitem;
675 2702 765 2775 dives
778 2719 816 2773 ut
829 2704 938 2785 aureis

412 2818 578 2891 Mercator
590 2815 729 2891 exsiccet
743 2813 875 2891 culullis
941 2891 943 2895 ⁸

458 2932 562 3018 Vina,
576 2934 658 3026 Syra
673 2946 824 3025 reparata
839 2956 964 3017 merce,

361 3156 423 3224 Dis
437 3180 533 3225 carus
547 3156 646 3250 ipsis;
658 3156 784 3251 quippe
797 3170 849 3226 ter
862 3171 896 3226 et
909 3169 1025 3252 quater

362 3270 461 3337 Anno
477 3270 619 3338 revisens
633 3294 746 3365 aequor
760 3269 966 3341 Atlanticum

408 3385 557 3476 Impune.
572 3386 628 3452 Me
640 3399 781 3478 pascunt
792 3384 905 3470 olivae,

457 3499 512 3569 Me
526 3496 695 3585 cichorea,
709 3497 861 3592 levesque
874 3497 999 3568 malvae.

358 3719 438 3788 Frui
454 3722 576 3814 paratis
589 3735 622 3790 et
637 3722 748 3792 valido
762 3723 863 3809 mihi,

356 3835 481 3919 Latoe,
495 3833 615 3924 dones,
629 3849 681 3922 at,
696 3860 830 3930 precor,
846 3836 974 3930 integra

406 3949 492 4017 Cum
506 3964 634 4037 mente,
647 3975 708 4019 nec
722 3965 853 4045 turpem
868 3963 1031 4019 senectam

452 4065 599 4157 Degere,
614 4089 674 4133 nec
688 4063 815 4133 cithara
829 4078 1004 4133 carentem.
