3325 5342
469 599 534 691 194
691 593 734 680 Q.
765 589 991 658 HORATII
1023 587 1221 656 FLACCI
1358 609 1383 641 v·
1405 611 1455 659 109

463 730 557 815 Quos
570 745 722 792 venerem
737 722 897 789 incertam
914 717 1095 809 rapientes,
1112 740 1206 785 more
1220 717 1383 810 ferarum,

462 840 600 909 Viribus
612 836 734 906 editior
746 829 910 912 ooedebat,
923 845 961 898 ut
975 830 1009 897 in
1026 854 1126 923 grege
1140 845 1264 901 taurus.

461 956 541 1021 iura
556 951 689 1018 inventa
703 958 794 1014 metu
809 942 926 1035 injusti
940 941 1063 1010 fateare
1076 967 1208 1012 neeesse
1221 960 1288 1030 est,

461 1069 625 1156 Tempora
639 1060 667 1129 si
681 1059 848 1150 fastosque
862 1054 944 1124 velis
957 1054 1109 1123 evolvere
1122 1056 1248 1125 mundi.

461 1180 531 1248 Nec
544 1187 661 1243 natura
676 1183 785 1264 potest
794 1170 887 1261 justo
901 1191 1071 1235 secernere
1086 1168 1256 1261 iniquum,

460 1288 590 1359 Dividit
604 1300 643 1355 ut
654 1286 744 1353 bona
756 1282 914 1367 diversis,
929 1281 1087 1375 fugienda
1101 1282 1259 1375 petendis.

459 1405 529 1472 Nee
541 1401 651 1468 vinoet
664 1398 750 1466 ratio
764 1396 846 1480 hoc,
861 1393 1070 1462 tantumdem
1086 1408 1121 1461 ut
1136 1410 1247 1487 peccet
1263 1396 1416 1491 idemque

460 1513 528 1602 Qui
543 1526 674 1581 teneros
688 1507 798 1578 caules
812 1505 913 1575 alieni
928 1505 1065 1599 fregerit
1077 1505 1184 1592 horti,

458 1630 502 1696 Et
514 1625 571 1720 qui
586 1639 769 1692 nocturnus
784 1645 876 1690 saera
889 1620 1015 1688 Divum
1031 1617 1155 1713 legerit.
1170 1619 1264 1688 Adsit

460 1738 604 1833 Regula,
618 1737 760 1831 peccatis
773 1760 846 1828 quae
860 1758 975 1827 poenas
989 1735 1115 1827 irroget
1127 1758 1254 1827 aequas3

459 1855 509 1921 Ne
525 1851 643 1919 seutita
657 1848 797 1942 dignum
812 1844 967 1914 horribili
982 1859 1104 1914 sectere
1118 1844 1259 1939 flagelio.

458 1969 563 2049 Nam,
576 1977 614 2031 ut
628 1960 733 2031 ferula
746 1960 852 2030 cedas
864 1961 1022 2028 meritum
1036 1960 1163 2052 majora
1176 1961 1286 2029 subire

457 2077 623 2161 Verbera,
637 2100 705 2143 non
717 2098 851 2159 vereor,
864 2098 967 2167 quum
982 2072 1073 2141 ditas
1085 2096 1156 2141 esse
1169 2096 1270 2166 pares
1279 2098 1330 2143 res

458 2196 560 2260 Furta
575 2187 776 2273 latrociniis,
788 2200 822 2255 et
834 2188 965 2280 magnis
979 2210 1081 2280 parva
1095 2187 1231 2254 mineris

458 2302 555 2374 Foloe
568 2302 751 2371 recisurum
766 2299 867 2369 simili
882 2314 933 2385 te,
947 2300 975 2368 si
990 2300 1052 2367 tibi
1067 2324 1207 2393 regnum

458 2416 654 2487 Permittant
667 2415 829 2483 homines.
844 2415 879 2482 Si
894 2413 1003 2500 dives,
1017 2415 1074 2507 qui
1090 2414 1220 2507 sapiens
1233 2429 1301 2500 est,

456 2534 499 2600 Et
513 2543 605 2599 sutor
619 2529 744 2614 bonus,
757 2543 791 2597 et
803 2525 893 2596 soius
907 2527 1090 2613 formosus,
1102 2543 1135 2596 et
1148 2543 1198 2597 est
1211 2554 1285 2613 rex,

457 2647 528 2714 Cur
536 2658 631 2738 optas
639 2641 730 2736 quod
740 2641 914 2711 habesi-
921 2645 998 2713 Non
1009 2643 1096 2712 nosti
1105 2642 1187 2737 quid
1198 2658 1301 2736 pater,
1308 2644 1430 2737 inquit,

457 2756 663 2850 Chrysippus
677 2754 783 2824 dieat:
797 2756 936 2849 Sapiens
950 2755 1102 2849 crepidas
1115 2756 1177 2825 sibi
1192 2781 1373 2849 numquam

457 2873 526 2939 Nee
540 2868 645 2938 soleas
660 2868 754 2956 fecit3
768 2885 861 2938 sutor
875 2885 985 2939 tamen
1000 2884 1050 2939 est
1063 2872 1201 2963 sapiens.
1212 2912 1261 2923 -
1270 2872 1427 2960 Quo?—

456 2985 521 3067 Ut,
534 2982 685 3075 quamvis
699 2997 785 3051 tacet
799 2986 1044 3077 Hermogenes,
1056 2997 1174 3051 cantor
1188 2998 1297 3051 tamen
1312 2998 1412 3076 atque
1478 2980 1480 2985 ’

456 3095 612 3188 Optimus
625 3110 675 3164 est
687 3095 896 3183 moduint0r3
910 3110 949 3166 ut
963 3096 1103 3166 Alfenus
1117 3096 1223 3182 vafer,
1237 3098 1328 3165 omni

456 3208 595 3301 Abjoeto
609 3210 831 3279 instrumento
846 3212 945 3295 artis,
958 3205 1135 3303 clausaque
1149 3209 1302 3296 taberna,

454 3325 555 3391 Sutor
567 3337 656 3409 erat3
669 3325 799 3418 sapiens
812 3326 922 3418 operis
937 3326 984 3393 sic
998 3325 1144 3418 optimus
1157 3325 1266 3392 omnis

454 3438 513 3503 Est
526 3437 636 3530 opifex
651 3438 759 3526 solus,
773 3440 820 3508 sio
835 3465 901 3507 rex.
916 3480 965 3490 -
977 3437 1117 3507 Veliunt
1132 3438 1193 3505 tibi
1207 3438 1344 3506 barbam

366 3618 374 3627 ,
454 3551 583 3617 Lascivi
598 3554 710 3644 pueri,
724 3578 807 3647 quos
821 3568 858 3622 tu
874 3554 938 3621 nisi
954 3552 1039 3621 fuste
1053 3576 1200 3637 coeroes,

455 3665 591 3756 Urgeris
605 3665 704 3734 turba
717 3668 842 3736 oiroum
857 3682 890 3735 te
904 3679 1028 3751 stante,
1042 3665 1207 3760 miserque

455 3779 648 3870 Rumperis‚
661 3794 694 3848 et
708 3779 825 3866 fatres,
839 3804 1037 3874 magnorum
1051 3780 1194 3848 maxime
1209 3802 1332 3872 regum.

452 3890 504 3956 Ne
518 3886 655 3983 longum
670 3892 807 3979 faciam,
821 3892 901 3961 dum
916 3908 953 3962 tu
968 3892 1153 3986 quadrante
1167 3893 1310 3961 lavamm

453 4003 523 4068 Rex
538 4001 618 4087 ibis,
633 4028 739 4095 neque
749 4019 784 4072 te
797 4006 973 4099 quisquam
987 4006 1144 4098 stipator,
1158 4005 1308 4097 ineptum
