3325 5342
416 655 481 724 126

636 660 678 745 o.
710 659 934 725 nonnrn
967 658 1159 726 resecr

554 785 670 855 Flebili
686 810 812 879 sponsae
822 787 1019 878 juvenemve
1034 803 1163 880 raptum
1281 845 1284 850 ⁴

552 898 682 986 Plorat,
694 913 727 966 et
741 899 826 967 vires
840 899 1054 994 animumque
1068 925 1239 994 moresque

552 1015 679 1081 Aureus
693 1012 804 1081 educit
818 1013 852 1081 in
866 1027 972 1098 astro,
985 1014 1146 1107 nigroque

695 1126 825 1194 Invidet
840 1130 938 1195 Orco.

549 1374 657 1443 Multo
672 1377 839 1444 Dircaeum
854 1375 939 1442 levat
953 1400 1033 1443 aura
1047 1400 1203 1468 cycnum,

515 1569 516 1572 Ἴ
549 1488 688 1573 Tendit,
702 1488 844 1572 Antoni,
858 1488 988 1579 quoties
1003 1488 1035 1554 in
1051 1486 1135 1557 altos

548 1601 697 1669 Nubium
712 1615 852 1685 tractus3
866 1625 945 1695 ego,
959 1602 1030 1694 apis
1044 1601 1179 1670 Matinae

691 1716 787 1782 More
801 1713 967 1808 modoque

547 1969 652 2031 Grata
667 1967 832 2057 carpentis
847 1965 960 2059 thyma
974 1992 1034 2061 per
1049 1967 1193 2037 laborem

547 2075 751 2164 Plurimum,
764 2081 853 2147 circa
868 2104 984 2149 nemus
998 2081 1156 2175 uvidique

545 2190 679 2258 Tiburis
694 2193 800 2284 ripas,
814 2217 953 2285 operosa
969 2211 1089 2287 partus

691 2306 849 2374 Carmina
864 2304 964 2401 lingo.

546 2558 711 2625 Concines
725 2559 850 2651 majore
865 2574 963 2652 poeta
977 2560 1103 2654 plectro

547 2672 728 2754 Caesarem,
741 2672 942 2767 quandoque
957 2676 1065 2744 trahet
1081 2677 1204 2745 feroces

546 2786 609 2851 Per
622 2808 751 2853 sacrum
766 2785 909 2872 clivum,
923 2790 1039 2857 merita
1055 2790 1193 2857 decorus

690 2901 838 2986 Fronde,
851 2904 1055 2990 Sicambros3

544 3143 621 3229 Quo
636 3142 718 3211 nihil
734 3144 841 3236 majus
855 3143 1014 3214 meliusve
1027 3146 1123 3214 terris

543 3257 623 3323 Fato
637 3255 819 3342 donavere,
833 3258 979 3350 bonique
993 3260 1090 3345 Divi,

542 3371 611 3438 Nec
625 3370 769 3456 dabunt,
783 3372 935 3465 quamvis
950 3371 1084 3442 redeant
1097 3374 1132 3441 in
1145 3395 1262 3442 uururn

686 3486 849 3576 Tempora
864 3485 1019 3577 priscum,

542 3725 706 3794 Concines
721 3724 876 3820 laetosque
890 3726 977 3812 dies,
990 3741 1023 3795 et
1037 3727 1138 3796 Urbis

542 3835 714 3908 Publicum
730 3839 865 3926 ludum,
878 3866 977 3936 super
991 3842 1167 3935 impetrato

541 3951 648 4016 Fortis
664 3955 804 4046 Augusti
822 3954 948 4039 reditu,
963 3954 1138 4048 forumque

685 4065 815 4133 Litibus
829 4068 959 4135 orbum.
