3325 5342
469 599 534 692 194
691 591 733 679 Q.
765 587 991 658 HORATII
1024 586 1221 655 FLACCI
1358 608 1382 639 v·
1404 609 1456 656 wo

462 730 557 815 Quos
570 745 721 792 venerem
736 720 897 788 incertam
914 715 1095 808 rapientes,
1112 739 1206 784 more
1220 716 1382 808 ferarum,

462 840 600 909 Viribus
612 836 734 905 editior
746 830 910 911 caedebat,
923 843 961 896 ut
975 828 1009 895 in
1026 853 1127 922 grege
1140 843 1265 900 taurus.

461 956 479 1021 J
482 976 542 1019 ura
556 951 689 1017 inventa
702 957 795 1013 metu
809 941 926 1034 injusti
940 940 1063 1009 fateare
1077 966 1208 1011 necesse
1221 959 1288 1029 est,

461 1068 625 1156 Tempora
639 1060 667 1128 si
680 1058 848 1149 fastosque
862 1053 944 1122 veiis
957 1052 1109 1123 evolvere
1123 1055 1249 1124 mundi.

461 1180 531 1245 Nec
544 1188 661 1242 natura
676 1183 785 1264 potest
795 1169 887 1261 justo
901 1190 1071 1234 secernere
1086 1166 1257 1260 iniquum,

460 1288 591 1359 Dividit
605 1300 642 1354 ut
654 1285 744 1353 bona
757 1282 915 1365 diversis,
930 1280 1087 1374 fugienda
1102 1282 1260 1374 petendis.

460 1404 529 1471 Nec
542 1400 650 1467 vinoet
664 1397 750 1465 ratio
765 1396 847 1479 hoe,
861 1392 1071 1461 tantumdem
1086 1407 1121 1460 ut
1137 1409 1247 1486 peeoet
1263 1394 1416 1489 idemque

460 1513 528 1602 Qui
544 1526 675 1580 teneros
688 1507 799 1577 caules
812 1505 913 1575 alieni
928 1504 1065 1599 fregerit
1079 1505 1185 1590 horti,

459 1630 502 1696 Et
514 1625 572 1719 qui
586 1638 770 1692 nocturnus
784 1644 876 1690 sacra
890 1619 1015 1688 Divum
1032 1617 1155 1712 legerit.
1170 1618 1265 1687 Adsit

460 1737 605 1833 Regula,
619 1737 760 1831 peccatis
773 1758 847 1827 quae
860 1758 976 1826 poenas
990 1734 1115 1826 irroget
1128 1756 1255 1825 aequas3

459 1854 510 1923 Ne
525 1851 644 1919 scutita
658 1848 798 1942 dignum
812 1844 967 1914 horribili
982 1859 1104 1913 sectere
1118 1844 1260 1938 flagelio.

459 1968 564 2048 Nam,
577 1977 614 2030 ut
628 1961 734 2030 ferula
747 1960 853 2029 cadas
866 1961 1022 2028 meritum
1037 1959 1164 2051 majora
1176 1960 1287 2028 subire

458 2076 624 2161 Verbera,
638 2099 705 2142 non
719 2096 852 2157 vereor,
864 2096 969 2166 quum
984 2071 1074 2141 dicas
1087 2095 1157 2139 esse
1170 2096 1266 2164 pares
1280 2097 1330 2141 res

459 2194 561 2259 Furta
576 2187 777 2272 latrociniis,
788 2201 822 2254 et
835 2187 965 2280 magnis
980 2210 1082 2279 parva
1096 2186 1232 2254 mineris

459 2302 556 2373 Faioe
570 2301 752 2370 recisurum
767 2299 869 2368 simili
883 2313 935 2385 te,
948 2298 977 2367 si
991 2300 1052 2367 tibi
1068 2323 1207 2393 regnum

458 2416 656 2486 Permittant
669 2414 830 2483 homines.
845 2414 880 2483 Si
896 2412 1005 2499 dives,
1018 2414 1076 2507 qui
1091 2414 1220 2507 sapiens
1234 2426 1301 2497 est,

458 2534 501 2600 Et
514 2544 607 2599 sutor
619 2529 746 2614 bonus,
758 2541 792 2597 et
804 2526 895 2595 solus
908 2527 1091 2611 formosus,
1103 2542 1136 2595 et
1149 2541 1198 2595 est
1212 2552 1285 2612 rex,

459 2648 530 2714 Cur
537 2657 632 2738 optas
640 2640 732 2736 quod
741 2642 999 2711 habesi-—Non
1010 2642 1096 2711 nosti
1106 2641 1189 2736 quid
1198 2656 1301 2735 pater,
1309 2643 1431 2734 inquit,

459 2756 664 2850 Chrysippus
678 2755 784 2824 dicat:
799 2755 937 2849 Sapiens
951 2754 1102 2848 crepidas
1116 2755 1178 2823 sibi
1193 2778 1373 2847 numquam

458 2874 528 2939 Nee
541 2868 646 2938 soleas
661 2869 755 2956 secit;
769 2884 863 2938 sutor
876 2884 986 2937 tamen
1002 2884 1051 2938 est
1064 2871 1203 2962 sapiens.
1213 2911 1262 2922 -
1271 2869 1429 2959 Quo?-

457 2985 521 3067 Ut,
536 2982 686 3075 quamvis
700 2996 786 3051 taoet
800 2987 1045 3076 Hermogenes,
1057 2996 1175 3051 cantor
1189 2996 1299 3051 tamen
1313 2997 1413 3075 atque
1480 2980 1482 2983 ’

457 3096 614 3187 Optimus
627 3110 676 3164 est
689 3095 898 3183 modulat0r3
911 3111 950 3165 ut
964 3095 1104 3165 Alfenus
1117 3094 1225 3182 vafer,
1238 3097 1329 3164 omni

458 3208 596 3301 Abjecto
611 3209 833 3279 instrumento
847 3212 946 3293 artis,
960 3204 1136 3302 clausaque
1150 3209 1303 3294 taberna,

456 3325 557 3390 Sutor
569 3338 657 3410 erat3
670 3325 800 3418 sapiens
813 3325 923 3417 operis
938 3325 985 3392 sic
999 3325 1146 3418 optimus
1159 3325 1267 3391 omnis

456 3438 514 3503 Est
528 3436 638 3530 opifex
653 3437 761 3524 solus,
774 3439 822 3507 sie
836 3463 902 3506 rex.
917 3480 966 3489 -
979 3436 1119 3507 Veilunt
1134 3436 1194 3504 tibi
1208 3437 1344 3505 barbam

368 3618 376 3627 ,
456 3551 585 3617 Lascivi
600 3553 711 3644 pueri,
725 3577 808 3647 quos
823 3568 861 3621 tu
875 3553 940 3620 nisi
955 3551 1041 3620 fuste
1055 3575 1202 3636 coeroeS,

457 3664 593 3756 Urgeris
607 3665 705 3733 turba
718 3666 844 3735 ciroum
859 3681 892 3735 te
905 3679 1030 3751 stante,
1044 3665 1209 3758 miserque
1261 3710 1263 3717 ι

456 3777 649 3868 Rumperis,
662 3793 695 3847 et
710 3778 826 3866 latras,
840 3804 1038 3874 magnorum
1053 3780 1196 3847 maxime
1210 3801 1334 3870 regum.

455 3890 506 3957 Ne
520 3886 657 3982 longum
672 3891 808 3979 faciam,
823 3892 902 3961 dum
918 3907 954 3961 tu
969 3890 1154 3986 quadrante
1169 3891 1312 3960 lavatum

455 4002 525 4069 Rex
540 4001 620 4087 ibis,
634 4028 740 4096 neque
751 4020 786 4073 te
799 4006 975 4099 quisquam
989 4005 1145 4098 stipator,
1159 4004 1310 4096 ineptum
