3325 5342
448 820 515 863 202
675 794 717 877 o.
750 788 979 855 nonarn
1011 787 1209 857 rancor
1357 798 1436 844 aa,

444 923 608 993 Sarmenti
624 943 743 988 scurrae
758 941 906 1011 pugnam
920 915 1088 1008 Messique
1102 917 1243 1006 Cicirri,

444 1039 560 1121 Musa,
573 1033 671 1102 velim
687 1053 868 1114 memores,
881 1042 915 1096 et
928 1052 995 1121 quo
1010 1042 1104 1121 patre
1118 1045 1217 1099 natus
1231 1047 1369 1128 uterque
1511 1030 1546 1109 Ο

444 1143 632 1216 Contulerit
647 1143 730 1212 lites.
745 1142 846 1210 Messi
862 1140 988 1209 clarum
1005 1165 1109 1234 genus
1121 1144 1219 1229 Osci3

443 1259 606 1327 Sarmenti
622 1256 759 1325 domina
772 1268 887 1323 exstat.
905 1251 957 1322 Ab
971 1252 1025 1320 his
1038 1254 1222 1346 majoribus
1235 1258 1300 1324 orti

437 1358 496 1440 'Ad
510 1395 657 1464 pugnam
670 1392 797 1437 venere.
813 1367 910 1435 Prior
923 1367 1117 1434 Sarmentus
1131 1393 1139 1436 :
1155 1396 1172 1431 «
1184 1370 1271 1462 Eqm
1285 1384 1318 1439 te

442 1513 459 1546 (ι
473 1487 553 1553 Esse
566 1484 626 1552 feri
642 1481 783 1551 similem
799 1480 885 1548 dico.
897 1508 914 1543 s
927 1477 1107 1567 Ridemus;
1120 1495 1153 1548 et
1167 1482 1238 1574 ipse

442 1599 601 1666 Messius:
616 1626 633 1660 «
648 1596 829 1689 Accipi03»
843 1607 943 1687 caput
956 1608 991 1662 et
1003 1608 1132 1663 movet:
1147 1624 1165 1658 a
1180 1598 1229 1682 O,
1243 1610 1300 1664 tua
1314 1621 1420 1666 oornu

442 1741 459 1774 (ι
474 1712 518 1781 Ni
533 1710 618 1779 foret
631 1724 761 1778 exsecto
776 1708 887 1792 frons,
901 1707 1028 1801 inquit,
1042 1707 1124 1801 quid
1138 1707 1277 1795 faoeres,
1291 1735 1394 1804 quum

443 1853 459 1887 α
473 1824 528 1892 Sic
542 1822 678 1891 mutilus
693 1820 880 1890 minitaris?
889 1850 907 1885 s
921 1824 966 1890 At
980 1820 1028 1889 illi
1044 1820 1131 1890 foeda
1144 1822 1281 1891 cicatrix

442 1941 592 2007 Setosam
606 1935 679 2003 laevi
694 1934 838 2004 frontem
853 1949 1045 2028 turpaverat
1059 1935 1138 2004 oris.

442 2054 653 2145 Campanum
668 2050 703 2118 in
718 2050 893 2136 morbum,
907 2050 941 2117 in
957 2048 1076 2118 faciem
1089 2050 1256 2143 permulta
1265 2051 1413 2144 jocatus,

442 2170 613 2234 Pastorem
628 2162 762 2232 saltaret
775 2164 825 2232 uti
840 2163 988 2257 Cyclopa
1002 2163 1159 2258 rogabat3

441 2278 497 2348 Nil
513 2277 560 2346 illi
576 2276 684 2365 larva,
697 2292 756 2345 aut
769 2277 906 2371 tragicis
919 2301 1004 2371 opus
1016 2301 1087 2346 esse
1101 2275 1283 2346 cothurnis.

441 2391 549 2460 Multa
562 2392 711 2461 Cicirrus
725 2391 769 2460 ad
784 2392 871 2461 haec:
887 2391 1042 2460 donasset
1051 2392 1166 2485 jamne
1179 2406 1329 2460 catenam

440 2511 490 2576 Ex
504 2522 582 2575 voto
596 2507 756 2594 Laribus,
770 2508 955 2600 quaerebam
969 2505 1078 2574 scriba
1091 2503 1183 2599 quod
1196 2520 1298 2592 esset,

440 2619 556 2690 Nihilo
571 2619 715 2688 deterius
729 2617 873 2688 dominae
883 2619 940 2712 jus
953 2643 1033 2688 esse.
1048 2618 1202 2713 Rogabat

436 2735 612 2828 Denique,
624 2759 685 2802 cur
699 2757 859 2827 umquam
875 2733 1031 2827 firgisset,
1045 2733 1100 2801 cui
1115 2732 1193 2801 satis
1206 2756 1274 2800 una

441 2847 550 2915 Farris
564 2845 649 2915 libra
663 2846 767 2934 foret,
781 2844 899 2940 gracili
912 2846 977 2931 sic,
996 2860 1131 2938 tamque
1146 2842 1277 2938 pusillo.

439 2964 579 3030 Prorsus
589 2961 738 3054 jucunde
751 2985 880 3030 coeuam
895 2958 1112 3054 producimus
1125 2957 1226 3028 illam.

485 3074 666 3143 Tendimus
673 3071 1162 3158 hincrectaBeneventum,ubi
1170 3068 1430 3164 seduluslrospes

439 3191 552 3276 Paene,
565 3212 712 3274 macros,
724 3188 824 3273 arsit,
839 3186 918 3257 dum
934 3184 1051 3255 turdos
1065 3199 1174 3254 versat
1189 3185 1222 3252 in
1240 3186 1334 3278 igne3

437 3301 524 3368 Nam
538 3324 620 3393 vaga
635 3324 695 3393 per
709 3314 851 3368 veterem
867 3297 995 3392 dilapso
1010 3298 1145 3366 llamma
1158 3296 1305 3366 culinam

438 3410 588 3481 Vulcano
603 3438 769 3483 summum
784 3413 986 3506 properabat
1000 3411 1145 3481 lambere
1159 3425 1294 3481 tectum.

437 3527 603 3594 Convivas
617 3527 731 3596 avidos
744 3552 872 3595 coenam
888 3551 1067 3620 servosque
1082 3527 1235 3595 timentes

440 3643 527 3708 Tum
542 3665 673 3735 rapere,
686 3657 785 3735 atque
799 3665 916 3711 omnes
931 3641 1137 3735 restinguere
1151 3639 1232 3709 velle
1247 3637 1383 3707 videres.

436 3753 559 3847 Incipit
571 3779 611 3822 ex
625 3753 684 3823 illo
699 3769 829 3825 montes
844 3754 991 3850 Appulia
1006 3770 1104 3823 notos

436 3870 611 3936 Ostentare
623 3868 726 3959 mihi,
739 3894 823 3963 quos
837 3885 941 3938 torret
955 3867 1138 3953 Atabulus,
1151 3881 1183 3936 et
1198 3892 1283 3959 quos

436 3982 626 4073 Numquam
640 4006 848 4074 erepsemus,
862 3983 925 4050 nisi
941 4007 1001 4051 nos
1016 3982 1125 4050 vicina
1137 3980 1260 4049 Trivici

435 4092 525 4161 Villa
540 4094 733 4186 recepisset,
748 4093 927 4165 lacrimoso
942 4121 1009 4164 uon
1025 4095 1096 4163 sine
1111 4094 1223 4178 fumo,

435 4206 529 4276 Udos
542 4230 619 4274 cum
634 4204 723 4274 foliis
737 4232 846 4276 ramos
861 4222 978 4276 urente
993 4208 1137 4277 camino.
