3325 5342
236 675 332 722 v·¹³⁰
395 671 756 741 EPISTULARUM
781 673 928 741 LIBER
954 674 1000 741 ΙΙ.
1028 700 1059 742 n.
1149 675 1218 771 317

237 809 277 873 ln
291 828 395 872 vacuo
409 802 503 870 laetus
515 826 622 870 sessor
634 802 835 897 plausorque
848 804 995 892 theatr03

162 942 167 950 ·
238 922 364 987 Cetera
377 917 436 1011 qui
450 916 526 984 vitae
539 931 685 985 servaret
698 918 813 986 munia
827 933 916 986 recto

238 1035 352 1116 More,
365 1031 473 1099 bonus
486 1054 565 1098 sane
577 1030 724 1116 ricinus,
736 1031 888 1100 amabilis
902 1034 1038 1127 hospes,

239 1146 355 1214 Comis
370 1145 405 1212 in
419 1168 575 1230 uxorem,
589 1157 699 1237 posset
712 1144 770 1236 qui
784 1145 954 1237 ignoscere
967 1147 1086 1233 servis,

239 1261 282 1326 Et
295 1260 391 1352 signo
406 1256 483 1327 laeso
496 1283 563 1326 non
577 1257 723 1325 insanire
736 1255 878 1351 lagenoe3

240 1375 355 1441 Posset
368 1373 425 1465 qui
441 1396 556 1466 mpem
570 1384 603 1439 et
616 1385 752 1464 puteum
767 1371 870 1440 vitare
882 1387 1057 1465 patentem.

239 1484 303 1551 Hic
317 1484 374 1551 nbi
389 1498 609 1578 cognatorum
622 1482 742 1576 opibus
755 1485 909 1578 curisque
922 1486 1061 1555 resectus

239 1594 376 1689 Expulit
389 1595 559 1666 helleboro
573 1596 746 1682 morbum,
760 1594 926 1690 bilemque
939 1624 1087 1684 meraco,

241 1712 284 1778 Et
298 1710 384 1778 redit
395 1710 439 1779 ad
452 1736 539 1780 sese:
553 1739 571 1776 u
580 1708 659 1796 Pol,
672 1734 725 1778 me
738 1709 924 1796 occidistis,
936 1713 1051 1796 amici,

242 1851 259 1885 (ι
269 1825 345 1892 Non
360 1823 531 1910 servastis,
544 1824 609 1908 ait,
622 1824 675 1892 cui
691 1824 738 1891 sic
750 1836 879 1890 extorta
892 1822 1061 1916 voluptas,

242 1940 310 2005 «Et
323 1936 476 2030 demptus
490 1961 550 2032 per
562 1938 630 2004 vim
645 1936 764 2004 mentis
778 1935 985 2029 gratissimus
999 1933 1108 2005 error!
1121 1968 1137 2000 »

289 2049 459 2118 Nimirum
473 2069 586 2142 sapere
599 2062 650 2117 est
661 2048 798 2140 abjectis
811 2046 893 2117 utile
907 2049 1022 2142 nugis,

242 2165 285 2231 Et
298 2164 531 2255 tempestivum
545 2164 656 2257 pueris
671 2162 851 2232 concedere
866 2160 999 2250 ludum,

243 2278 291 2343 Ac
303 2300 372 2342 non
385 2275 487 2344 verba
501 2276 593 2369 sequi
607 2274 730 2344 fidibus
744 2274 947 2344 modulanda
961 2277 1106 2363 Latinis,

241 2387 305 2458 Sed
319 2412 403 2457 verae
417 2413 638 2482 numerosque
651 2389 834 2483 modosque
847 2388 992 2458 ediscere
1004 2391 1087 2459 vitre.

241 2503 409 2590 Quocirca
424 2526 554 2571 mecum
570 2501 690 2596 loquor
703 2503 790 2588 haec,
804 2504 988 2597 tacitusque
1004 2503 1176 2573 recordor:

242 2615 276 2683 Si
291 2614 352 2682 tibi
366 2613 458 2683 nulla
473 2615 563 2683 sitim
577 2614 689 2684 finiret
703 2616 800 2708 copia
815 2614 974 2709 lymphae,

242 2731 403 2798 Narrares
416 2728 570 2797 medicis·
585 2729 677 2822 quod
691 2743 817 2823 quanto
831 2728 929 2822 plura
942 2731 1084 2822 parasti,

241 2844 348 2909 Tanto
362 2837 458 2933 plura
472 2866 537 2934 cup
621 2839 726 2909 ulline
741 2841 876 2910 faterier
890 2842 1013 2911 audes?

242 2954 276 3021 Si
290 2952 412 3021 vulnus
426 2953 488 3022 tibi
502 2967 686 3022 monstrata
700 2953 810 3022 radice
824 2953 876 3022 vel
891 2955 992 3023 herba

243 3069 319 3137 Non
332 3066 427 3136 fieret
440 3066 562 3153 levius,
576 3066 726 3161 fugeres,
740 3067 851 3136 radice
863 3067 915 3136 vel
930 3067 1030 3136 herba

246 3180 445 3250 Proficiente
460 3179 561 3266 nihil,
574 3180 746 3250 curarier?
757 3180 938 3266 Audieras,
951 3181 1004 3249 cui

242 3296 326 3361 Rem
339 3295 385 3363 Di
399 3293 581 3378 donarent,
595 3290 644 3360 illi
659 3292 817 3361 decedere
829 3317 966 3386 pravam

242 3405 443 3493 Stultitiam3
455 3421 506 3492 et,
520 3431 624 3500 quum
638 3407 683 3475 sis
697 3405 804 3475 nihilo
818 3407 1014 3500 sapientior,
1028 3430 1071 3484 en¹
1081 3429 1148 3498 quo

242 3519 377 3588 Plenior
389 3545 442 3606 es,
456 3534 568 3589 tamen
582 3520 686 3588 uteris
700 3519 922 3587 monitoribus
936 3517 1064 3587 isdem?

243 3637 287 3702 At
299 3634 326 3702 si
342 3633 464 3703 divitiae
478 3634 677 3728 prudentem
693 3634 830 3703 reddere
844 3648 995 3727 possent,

241 3747 275 3815 si
291 3748 450 3841 cupidum
466 3747 689 3841 timidumque
703 3747 813 3815 minus
827 3761 877 3832 te;
891 3769 1010 3838 nempe
1023 3743 1176 3826 tuberes,

241 3861 377 3930 Viveret
391 3863 425 3929 in
439 3862 539 3930 terris
553 3876 586 3929 te
600 3862 627 3929 si
642 3863 717 3953 quis
731 3861 863 3929 avarior
876 3884 953 3928 uno.

241 3973 274 4041 Si
289 3976 466 4068 proprium
479 3990 548 4060 est,
560 3973 652 4068 quod
666 3974 741 4066 quis
756 3971 842 4039 libra
855 3984 1022 4039 mercatur
1033 3983 1067 4036 et
1080 3993 1161 4053 rere,

241 4088 423 4174 Quaedam,
436 4090 464 4155 si
479 4087 587 4158 credis
600 4084 760 4155 consultis
769 4085 960 4175 ,mancipat
972 4106 1071 4167 usus3
