3325 5342
434 722 499 791 170
661 704 702 787 Q.
735 704 958 768 uouATu
985 705 1179 772 iuueni

424 913 1411 945 “summummmwtmmwwwwwmmmws

765 1080 910 1167 ODE
959 1082 1072 1168 XV.

776 1308 835 1363 AD
856 1309 1062 1366 NEAERAM.

474 1512 553 1578 Nox
566 1521 653 1594 erat,
665 1521 697 1574 et
711 1505 794 1574 coelo
809 1505 958 1601 fulgebat
973 1508 1052 1578 iuna
1068 1537 1184 1582 sereno

617 1624 707 1689 Inter
720 1622 851 1689 minora
866 1622 993 1706 sidera,

472 1736 586 1823 Quum
601 1747 655 1818 tu,
669 1757 867 1827 magnorum
883 1759 1007 1803 numen
1022 1734 1138 1808 lusura
1152 1742 1319 1827 Deorum,

618 1848 655 1912 ln
672 1845 772 1913 verba
782 1845 921 1939 jurabas
937 1872 1027 1935 mea,

472 1959 620 2044 Arctius,
634 1972 733 2052 atque
746 1959 868 2028 hedera
881 1985 1019 2053 procera
1034 1963 1253 2060 adstringitur
1268 1968 1348 2053 ilex,

618 2072 732 2140 Lentis
745 2073 917 2143 adhaerens
931 2075 1095 2163 brachiis,

473 2187 563 2252 Dum
577 2186 687 2278 pecori
702 2182 818 2279 lupus,
831 2201 866 2254 et
879 2190 990 2258 nautis
1004 2189 1142 2260 infestus
1155 2194 1260 2262 Orion

616 2299 781 2368 Turbaret
794 2300 972 2371 hibernum
988 2328 1096 2390 mam,

473 2416 691 2505 Intonsosque
703 2413 844 2507 agitaret
857 2414 1023 2508 Apollinis
1037 2442 1118 2487 aura
1131 2419 1285 2513 capillos,

619 2530 703 2595 Fore
717 2527 806 2595 hunc
818 2552 966 2598 umorem
983 2545 1146 2602 mutuum.

473 2641 506 2706 Ο
519 2637 663 2707 dolitura
677 2663 749 2707 mea
762 2638 905 2709 multum
921 2643 1043 2712 virtute
1057 2642 1189 2715 Neaera!

618 2754 703 2822 Nam
716 2754 743 2821 si
756 2753 838 2848 quid
854 2755 887 2822 iu
904 2753 1021 2824 flacco
1036 2758 1097 2824 viri
1113 2772 1179 2842 est,

473 2865 549 2934 Nou
566 2863 648 2933 feret
660 2864 808 2933 assiduas
822 2867 945 2959 potiori
960 2880 992 2934 te
1007 2867 1086 2934 dare
1100 2882 1230 2951 noctes,

617 2980 660 3046 Et
673 2992 798 3071 quaeret
812 2978 915 3046 iratus
928 3002 1060 3071 parem3

473 3089 542 3157 Nec
555 3087 653 3157 semel
668 3088 802 3158 offensae
815 3089 909 3165 cedet
921 3090 1107 3158 constantia
1122 3090 1253 3176 furmae,

617 3205 653 3272 si
667 3219 776 3272 certus
791 3204 926 3273 intrarit
940 3202 1045 3273 dolor.

473 3318 515 3383 Et
529 3330 583 3402 tu,
596 3318 797 3411 quicumque
810 3343 845 3386 es
860 3316 1117 3411 felicior,'atque
1132 3344 1204 3388 meo
1218 3345 1307 3391 nuuc

616 3430 785 3525 Superbus
799 3432 926 3500 incedis
939 3430 1047 3516 maio,

472 3543 524 3612 Sis
537 3569 654 3637 pecore
667 3561 700 3613 et
714 3546 819 3614 multu
833 3546 925 3615 dives
938 3545 1056 3614 tellure
1072 3544 1200 3632 iicebit,
1264 3566 1267 3571 ’

616 3656 758 3750 Tibique
772 3656 927 3726 Pactolus
942 3657 1040 3743 fluat,

473 3768 588 3835 Necte
602 3769 795 3864 Pythagorae
810 3769 925 3839 fallant
939 3796 1060 3839 arcana
1076 3771 1198 3855 renati,

618 3884 644 3948 F
645 3906 804 3975 ormaque
818 3884 931 3951 vincas
944 3886 1063 3963 Nirea,
1155 3890 1158 3897 '

474 3985 583 4056 Eheu!
599 3991 776 4061 translatos
790 3992 857 4062 alio
871 3996 1022 4064 naerebis
1036 4019 1183 4077 amores3

619 4106 675 4171 Ast
690 4130 752 4196 ego
765 4107 909 4174 vicissim
925 4109 1037 4175 risero.
