3325 5342
451 675 672 744 CARMEN
702 677 1001 747 SAECULARE.

355 804 418 872 Cui
433 827 493 895 per
505 801 675 873 ardentem
690 805 761 872 sine
775 803 891 873 fraude
903 807 1036 898 Trojam

356 920 475 984 Castus
489 918 625 998 AEueas,
638 917 751 1008 patriae
766 933 947 1010 superstes,

357 1028 516 1095 Liberum
531 1028 672 1127 munivit
687 1014 763 1112 iter]
777 1030 915 1098 daturus

500 1138 599 1207 Plura
613 1138 742 1208 relictis.
757 1186 763 1195 ·

356 1391 418 1474 Di,
432 1389 552 1482 probos
566 1413 674 1458 mores
686 1389 785 1459 docili
795 1391 955 1484 juventae,

355 1503 417 1588 Di,
430 1504 588 1573 senectuti
602 1501 738 1597 placidae
751 1504 912 1597 quietem,
938 1506 941 1511 ‘

356 1615 504 1685 Romula
517 1618 607 1712 genti
621 1617 696 1686 date
710 1641 844 1712 remque
857 1618 1047 1714 prolemque

496 1733 538 1798 Et
552 1731 651 1800 decus
663 1756 770 1799 omne.

353 1982 500 2073 Quaeque
512 2005 569 2049 vos
581 1982 688 2050 bobus
701 1995 876 2050 veneratur
888 1980 971 2051 albis

352 2091 469 2163 Clarus
482 2095 632 2163 Anchisae
645 2095 850 2189 Venerisque
863 2096 1013 2191 sanguis,

351 2210 525 2299 Impetret,
538 2206 681 2277 bellante
694 2209 802 2302 prior,
812 2209 975 2302 jacentem

493 2320 592 2388 Leuis
606 2321 639 2387 in
654 2321 790 2391 hostem.

349 2573 420 2637 lam
435 2571 517 2637 mari
532 2585 683 2664 terraque
697 2596 814 2640 manus
827 2587 976 2666 potentes

252 2688 265 2707 ⁰
349 2683 466 2752 Medus
480 2683 688 2777 Albanasque
702 2686 794 2753 timet
807 2711 952 2772 secures,

348 2800 419 2865 lam
432 2798 558 2890 Scythae
571 2823 726 2892 responsa
739 2813 872 2892 petunt,
885 2801 1016 2892 superbi

489 2913 619 3006 Nuper,
632 2926 666 2980 et
677 2912 761 2982 ludi.

343 3156 415 3221 Jam
429 3152 543 3239 Fides,
556 3167 588 3221 et
602 3157 686 3238 Pax,
698 3167 731 3222 et
744 3157 875 3240 Honor,
888 3154 1063 3250 Pudorque

345 3266 491 3353 Priscus,
503 3282 536 3336 et
548 3266 695 3361 neglecta
709 3267 815 3336 redire
827 3268 943 3336 Virtus

345 3380 468 3465 Audet,
480 3394 680 3474 apparetque
694 3381 787 3449 beata
800 3379 898 3474 pleno

483 3494 588 3586 Copia
601 3518 714 3562 cornu.

342 3736 458 3827 Augur
470 3747 503 3802 et
514 3733 661 3829 fulgente
674 3735 811 3804 deoorus
824 3760 904 3804 arcu

341 3845 501 3929 Phoebus,
513 3861 730 3940 acceptusque
742 3872 860 3915 novem
874 3846 1043 3928 Camenis,

341 3958 406 4044 Qui
421 3956 556 4025 salutari
570 3957 655 4028 levat
667 3974 737 4028 arte
750 3960 850 4028 fessos

481 4073 638 4163 Corporis
651 4087 758 4157 artus,

1150 707 1216 779 ¹79
