<?xml version="1.0" encoding="UTF-8"?>
<!DOCTYPE html PUBLIC "-//W3C//DTD XHTML 1.0 Transitional//EN"
    "http://www.w3.org/TR/xhtml1/DTD/xhtml1-transitional.dtd">
<html xmlns="http://www.w3.org/1999/xhtml" xml:lang="en" lang="en">
 <head>
  <title>
</title>
<meta http-equiv="Content-Type" content="text/html;charset=utf-8" />
  <meta name='ocr-system' content='tesseract 3.04.00' />
  <meta name='ocr-capabilities' content='ocr_page ocr_carea ocr_par ocr_line ocrx_word'/>
</head>
<body>
  <div class='ocr_page' id='page_1' title='image "./quintushoratius00didogoog_0353.png"; bbox 0 0 3325 5342; ppageno 0'>
   <div class='ocr_carea' id='block_1_1' title="bbox 222 642 1206 717">
    <p class='ocr_par' dir='ltr' id='par_1_1' title="bbox 222 642 1206 717">
     <span class='ocr_line' id='line_1_1' title="bbox 222 642 1206 717; baseline -0.005 0"><span class='ocrx_word' id='word_1_1' title='bbox 222 663 297 717; x_wconf 76' lang='lat' dir='ltr'><strong>v·7⁰</strong></span> <span class='ocrx_word' id='word_1_2' title='bbox 381 646 740 716; x_wconf 76' lang='lat' dir='ltr'><strong>EPISTULARUM</strong></span> <span class='ocrx_word' id='word_1_3' title='bbox 765 646 915 714; x_wconf 81' lang='lat' dir='ltr'>LIBER</span> <span class='ocrx_word' id='word_1_4' title='bbox 939 647 987 712; x_wconf 90' lang='lat' dir='ltr'><strong>Il.</strong></span> <span class='ocrx_word' id='word_1_5' title='bbox 1015 669 1046 712; x_wconf 82' lang='lat' dir='ltr'><strong>a.</strong></span> <span class='ocrx_word' id='word_1_6' title='bbox 1136 642 1206 714; x_wconf 83' lang='lat'><strong>315</strong></span> 
     </span>
    </p>
   </div>
   <div class='ocr_carea' id='block_1_2' title="bbox 141 774 1210 4167">
    <p class='ocr_par' dir='ltr' id='par_1_2' title="bbox 222 774 1053 849">
     <span class='ocr_line' id='line_1_2' title="bbox 222 774 1053 849; baseline -0.006 -1"><span class='ocrx_word' id='word_1_7' title='bbox 222 774 400 849; x_wconf 81' lang='lat' dir='ltr'><strong>Intervalla</strong></span> <span class='ocrx_word' id='word_1_8' title='bbox 413 775 505 844; x_wconf 88' lang='lat' dir='ltr'><strong>vides</strong></span> <span class='ocrx_word' id='word_1_9' title='bbox 518 774 663 843; x_wconf 90' lang='lat' dir='ltr'><strong>humane</strong></span> <span class='ocrx_word' id='word_1_10' title='bbox 675 775 860 844; x_wconf 83' lang='lat' dir='ltr'><strong>commoda</strong></span> <span class='ocrx_word' id='word_1_11' title='bbox 871 813 918 829; x_wconf 95' lang='lat'>-</span> <span class='ocrx_word' id='word_1_12' title='bbox 926 777 1053 844; x_wconf 88' lang='lat' dir='ltr'><strong>Vemm</strong></span> 
     </span>
    </p>

    <p class='ocr_par' dir='ltr' id='par_1_3' title="bbox 224 885 1176 983">
     <span class='ocr_line' id='line_1_3' title="bbox 224 885 1176 983; baseline -0.004 -21"><span class='ocrx_word' id='word_1_13' title='bbox 224 896 318 962; x_wconf 83' lang='lat' dir='ltr'><strong>Purae</strong></span> <span class='ocrx_word' id='word_1_14' title='bbox 331 904 409 960; x_wconf 88' lang='lat' dir='ltr'><strong>sunt</strong></span> <span class='ocrx_word' id='word_1_15' title='bbox 421 888 556 983; x_wconf 82' lang='lat' dir='ltr'><strong>plateae,</strong></span> <span class='ocrx_word' id='word_1_16' title='bbox 569 885 653 956; x_wconf 92' lang='lat' dir='ltr'><strong>nihil</strong></span> <span class='ocrx_word' id='word_1_17' title='bbox 668 903 706 956; x_wconf 89' lang='lat' dir='ltr'><strong>ut</strong></span> <span class='ocrx_word' id='word_1_18' title='bbox 719 889 958 959; x_wconf 82' lang='lat' dir='ltr'><strong>meditantibus</strong></span> <span class='ocrx_word' id='word_1_19' title='bbox 971 889 1088 959; x_wconf 88' lang='lat' dir='ltr'><strong>obstet.</strong></span> <span class='ocrx_word' id='word_1_20' title='bbox 1098 931 1147 940; x_wconf 95' lang='lat'><em>-</em></span> <span class='ocrx_word' id='word_1_21' title='bbox 1172 937 1176 943; x_wconf 88' lang='lat'>-</span> 
     </span>
    </p>

    <p class='ocr_par' dir='ltr' id='par_1_4' title="bbox 226 999 1048 1096">
     <span class='ocr_line' id='line_1_4' title="bbox 226 999 1048 1096; baseline -0.006 -22"><span class='ocrx_word' id='word_1_22' title='bbox 226 1006 372 1075; x_wconf 83' lang='lat' dir='ltr'><strong>Festinat</strong></span> <span class='ocrx_word' id='word_1_23' title='bbox 383 1001 511 1072; x_wconf 90' lang='lat' dir='ltr'><strong>calidus</strong></span> <span class='ocrx_word' id='word_1_24' title='bbox 523 999 623 1070; x_wconf 88' lang='lat' dir='ltr'><strong>mulis</strong></span> <span class='ocrx_word' id='word_1_25' title='bbox 637 1000 825 1096; x_wconf 82' lang='lat' dir='ltr'>gerulisque</span> <span class='ocrx_word' id='word_1_26' title='bbox 841 1002 1048 1096; x_wconf 89' lang='lat' dir='ltr'><strong>redemptor;</strong></span> 
     </span>
    </p>

    <p class='ocr_par' dir='ltr' id='par_1_5' title="bbox 226 1115 1210 1213">
     <span class='ocr_line' id='line_1_5' title="bbox 226 1115 1210 1213; baseline -0.003 -25"><span class='ocrx_word' id='word_1_27' title='bbox 226 1124 373 1213; x_wconf 87' lang='lat' dir='ltr'><strong>Torquet</strong></span> <span class='ocrx_word' id='word_1_28' title='bbox 385 1140 475 1185; x_wconf 89' lang='lat' dir='ltr'><strong>nuuc</strong></span> <span class='ocrx_word' id='word_1_29' title='bbox 487 1115 648 1210; x_wconf 80' lang='lat' dir='ltr'><strong>lapidem,</strong></span> <span class='ocrx_word' id='word_1_30' title='bbox 660 1139 750 1184; x_wconf 90' lang='lat' dir='ltr'><strong>nuuc</strong></span> <span class='ocrx_word' id='word_1_31' title='bbox 764 1116 882 1209; x_wconf 84' lang='lat' dir='ltr'><strong>ingens</strong></span> <span class='ocrx_word' id='word_1_32' title='bbox 895 1117 1049 1186; x_wconf 82' lang='lat' dir='ltr'><strong>macliiua</strong></span> <span class='ocrx_word' id='word_1_33' title='bbox 1061 1116 1210 1212; x_wconf 70' lang='lat' dir='ltr'><strong>tignum,</strong></span> 
     </span>
    </p>

    <p class='ocr_par' dir='ltr' id='par_1_6' title="bbox 226 1227 1005 1323">
     <span class='ocr_line' id='line_1_6' title="bbox 226 1227 1005 1323; baseline -0.004 -21"><span class='ocrx_word' id='word_1_34' title='bbox 226 1232 348 1302; x_wconf 90' lang='lat' dir='ltr'><strong>Tristia</strong></span> <span class='ocrx_word' id='word_1_35' title='bbox 362 1230 506 1299; x_wconf 88' lang='lat' dir='ltr'><strong>robustis</strong></span> <span class='ocrx_word' id='word_1_36' title='bbox 519 1227 687 1300; x_wconf 88' lang='lat' dir='ltr'><strong>luctantur</strong></span> <span class='ocrx_word' id='word_1_37' title='bbox 700 1228 818 1297; x_wconf 84' lang='lat' dir='ltr'><strong>funera</strong></span> <span class='ocrx_word' id='word_1_38' title='bbox 831 1228 1005 1323; x_wconf 87' lang='lat' dir='ltr'><strong>plaustris;</strong></span> 
     </span>
    </p>

    <p class='ocr_par' dir='ltr' id='par_1_7' title="bbox 228 1342 1071 1438">
     <span class='ocr_line' id='line_1_7' title="bbox 228 1342 1071 1438; baseline 0.001 -24"><span class='ocrx_word' id='word_1_39' title='bbox 228 1350 299 1415; x_wconf 90' lang='lat' dir='ltr'><strong>Hac</strong></span> <span class='ocrx_word' id='word_1_40' title='bbox 313 1345 442 1414; x_wconf 87' lang='lat' dir='ltr'><strong>rabiosa</strong></span> <span class='ocrx_word' id='word_1_41' title='bbox 455 1344 541 1438; x_wconf 82' lang='lat' dir='ltr'><strong>fugit</strong></span> <span class='ocrx_word' id='word_1_42' title='bbox 553 1344 661 1430; x_wconf 92' lang='lat' dir='ltr'><strong>canis,</strong></span> <span class='ocrx_word' id='word_1_43' title='bbox 675 1343 737 1412; x_wconf 87' lang='lat' dir='ltr'><strong>hac</strong></span> <span class='ocrx_word' id='word_1_44' title='bbox 751 1342 913 1413; x_wconf 89' lang='lat' dir='ltr'><strong>lutulenta</strong></span> <span class='ocrx_word' id='word_1_45' title='bbox 928 1347 995 1414; x_wconf 91' lang='lat' dir='ltr'><strong>ruit</strong></span> <span class='ocrx_word' id='word_1_46' title='bbox 1008 1370 1071 1415; x_wconf 85' lang='lat' dir='ltr'><strong>sua.</strong></span> 
     </span>
    </p>

    <p class='ocr_par' dir='ltr' id='par_1_8' title="bbox 229 1455 1002 1542">
     <span class='ocr_line' id='line_1_8' title="bbox 229 1455 1002 1542; baseline -0.003 -15"><span class='ocrx_word' id='word_1_47' title='bbox 229 1462 246 1527; x_wconf 89' lang='lat'><em>1</em></span> <span class='ocrx_word' id='word_1_48' title='bbox 261 1482 366 1542; x_wconf 91' lang='lat' dir='ltr'><strong>nunc,</strong></span> <span class='ocrx_word' id='word_1_49' title='bbox 378 1472 411 1525; x_wconf 88' lang='lat' dir='ltr'><strong>et</strong></span> <span class='ocrx_word' id='word_1_50' title='bbox 425 1481 537 1526; x_wconf 87' lang='lat' dir='ltr'><strong>versus</strong></span> <span class='ocrx_word' id='word_1_51' title='bbox 551 1470 659 1525; x_wconf 88' lang='lat' dir='ltr'><strong>tecum</strong></span> <span class='ocrx_word' id='word_1_52' title='bbox 674 1455 834 1524; x_wconf 82' lang='lat' dir='ltr'><strong>meditare</strong></span> <span class='ocrx_word' id='word_1_53' title='bbox 847 1455 1002 1526; x_wconf 85' lang='lat' dir='ltr'><strong>canoros!</strong></span> 
     </span>
    </p>

    <p class='ocr_par' dir='ltr' id='par_1_9' title="bbox 229 1569 1167 1665">
     <span class='ocr_line' id='line_1_9' title="bbox 229 1569 1167 1665; baseline 0 -27"><span class='ocrx_word' id='word_1_54' title='bbox 229 1571 434 1663; x_wconf 84' lang='lat' dir='ltr'><strong>Scriptorum</strong></span> <span class='ocrx_word' id='word_1_55' title='bbox 443 1570 565 1638; x_wconf 87' lang='lat' dir='ltr'><strong>chorus</strong></span> <span class='ocrx_word' id='word_1_56' title='bbox 574 1569 683 1637; x_wconf 88' lang='lat' dir='ltr'><strong>omnis</strong></span> <span class='ocrx_word' id='word_1_57' title='bbox 692 1583 782 1637; x_wconf 87' lang='lat' dir='ltr'><strong>amat</strong></span> <span class='ocrx_word' id='word_1_58' title='bbox 791 1585 965 1655; x_wconf 89' lang='lat' dir='ltr'><strong>nemus,et</strong></span> <span class='ocrx_word' id='word_1_59' title='bbox 974 1569 1060 1665; x_wconf 84' lang='lat' dir='ltr'><strong>fugit</strong></span> <span class='ocrx_word' id='word_1_60' title='bbox 1068 1569 1167 1638; x_wconf 88' lang='lat' dir='ltr'><strong>urbes</strong></span> 
     </span>
    </p>

    <p class='ocr_par' dir='ltr' id='par_1_10' title="bbox 141 1681 1084 1780">
     <span class='ocr_line' id='line_1_10' title="bbox 141 1681 1084 1780; baseline 0.003 -30"><span class='ocrx_word' id='word_1_61' title='bbox 141 1733 168 1780; x_wconf 78' lang='lat'><strong>.·</strong></span> <span class='ocrx_word' id='word_1_62' title='bbox 231 1683 306 1750; x_wconf 85' lang='lat' dir='ltr'><strong>Rite</strong></span> <span class='ocrx_word' id='word_1_63' title='bbox 319 1681 422 1751; x_wconf 91' lang='lat' dir='ltr'><strong>cliens</strong></span> <span class='ocrx_word' id='word_1_64' title='bbox 435 1682 576 1767; x_wconf 81' lang='lat' dir='ltr'><strong>bacchi,</strong></span> <span class='ocrx_word' id='word_1_65' title='bbox 590 1707 707 1752; x_wconf 90' lang='lat' dir='ltr'><strong>somno</strong></span> <span class='ocrx_word' id='word_1_66' title='bbox 722 1681 896 1777; x_wconf 81' lang='lat' dir='ltr'><strong>gaudentis</strong></span> <span class='ocrx_word' id='word_1_67' title='bbox 910 1699 943 1751; x_wconf 90' lang='lat' dir='ltr'><strong>et</strong></span> <span class='ocrx_word' id='word_1_68' title='bbox 956 1685 1084 1753; x_wconf 88' lang='lat' dir='ltr'><strong>umbra.</strong></span> 
     </span>
    </p>

    <p class='ocr_par' dir='ltr' id='par_1_11' title="bbox 230 1795 1076 1889">
     <span class='ocr_line' id='line_1_11' title="bbox 230 1795 1076 1889; baseline 0 -25"><span class='ocrx_word' id='word_1_69' title='bbox 230 1799 281 1864; x_wconf 91' lang='lat' dir='ltr'><strong>Tu</strong></span> <span class='ocrx_word' id='word_1_70' title='bbox 294 1819 347 1862; x_wconf 91' lang='lat' dir='ltr'><strong>me</strong></span> <span class='ocrx_word' id='word_1_71' title='bbox 361 1795 447 1864; x_wconf 91' lang='lat' dir='ltr'><strong>iuter</strong></span> <span class='ocrx_word' id='word_1_72' title='bbox 460 1797 616 1889; x_wconf 90' lang='lat' dir='ltr'><strong>strepitus</strong></span> <span class='ocrx_word' id='word_1_73' title='bbox 629 1811 811 1865; x_wconf 88' lang='lat' dir='ltr'><strong>nocturnos</strong></span> <span class='ocrx_word' id='word_1_74' title='bbox 824 1810 924 1889; x_wconf 90' lang='lat' dir='ltr'><strong>atque</strong></span> <span class='ocrx_word' id='word_1_75' title='bbox 937 1796 1076 1864; x_wconf 89' lang='lat' dir='ltr'><strong>diurnos</strong></span> 
     </span>
    </p>

    <p class='ocr_par' dir='ltr' id='par_1_12' title="bbox 232 1910 1078 2004">
     <span class='ocr_line' id='line_1_12' title="bbox 232 1910 1078 2004; baseline -0.001 -25"><span class='ocrx_word' id='word_1_76' title='bbox 232 1910 292 1980; x_wconf 90' lang='lat' dir='ltr'><strong>Vis</strong></span> <span class='ocrx_word' id='word_1_77' title='bbox 306 1933 440 1997; x_wconf 89' lang='lat' dir='ltr'><strong>canere,</strong></span> <span class='ocrx_word' id='word_1_78' title='bbox 452 1925 486 1978; x_wconf 94' lang='lat' dir='ltr'><strong>et</strong></span> <span class='ocrx_word' id='word_1_79' title='bbox 499 1925 669 1981; x_wconf 87' lang='lat' dir='ltr'><strong>contracta</strong></span> <span class='ocrx_word' id='word_1_80' title='bbox 682 1912 774 2004; x_wconf 91' lang='lat' dir='ltr'><strong>sequi</strong></span> <span class='ocrx_word' id='word_1_81' title='bbox 790 1911 929 2004; x_wconf 78' lang='lat' dir='ltr'><strong>vestigia</strong></span> <span class='ocrx_word' id='word_1_82' title='bbox 941 1910 1078 1979; x_wconf 84' lang='lat' dir='ltr'><strong>vatum?</strong></span> 
     </span>
    </p>

    <p class='ocr_par' dir='ltr' id='par_1_13' title="bbox 233 2022 1111 2117">
     <span class='ocr_line' id='line_1_13' title="bbox 233 2022 1111 2117; baseline 0.002 -27"><span class='ocrx_word' id='word_1_83' title='bbox 233 2022 425 2116; x_wconf 82' lang='lat' dir='ltr'><strong>Ingenium,</strong></span> <span class='ocrx_word' id='word_1_84' title='bbox 438 2022 500 2091; x_wconf 84' lang='lat' dir='ltr'><strong>sibi</strong></span> <span class='ocrx_word' id='word_1_85' title='bbox 514 2023 605 2117; x_wconf 91' lang='lat' dir='ltr'><strong>quod</strong></span> <span class='ocrx_word' id='word_1_86' title='bbox 618 2048 738 2092; x_wconf 88' lang='lat' dir='ltr'><strong>vacuas</strong></span> <span class='ocrx_word' id='word_1_87' title='bbox 752 2023 934 2117; x_wconf 84' lang='lat' dir='ltr'><strong>desumpsit</strong></span> <span class='ocrx_word' id='word_1_88' title='bbox 947 2023 1111 2108; x_wconf 79' lang='lat' dir='ltr'><strong>Athenas,</strong></span> 
     </span>
    </p>

    <p class='ocr_par' dir='ltr' id='par_1_14' title="bbox 233 2137 1121 2232">
     <span class='ocr_line' id='line_1_14' title="bbox 233 2137 1121 2232; baseline 0 -27"><span class='ocrx_word' id='word_1_89' title='bbox 233 2140 276 2205; x_wconf 90' lang='lat' dir='ltr'><strong>Et</strong></span> <span class='ocrx_word' id='word_1_90' title='bbox 289 2137 406 2206; x_wconf 90' lang='lat' dir='ltr'><strong>studiis</strong></span> <span class='ocrx_word' id='word_1_91' title='bbox 419 2161 523 2206; x_wconf 90' lang='lat' dir='ltr'><strong>annos</strong></span> <span class='ocrx_word' id='word_1_92' title='bbox 537 2153 661 2231; x_wconf 87' lang='lat' dir='ltr'><strong>septem</strong></span> <span class='ocrx_word' id='word_1_93' title='bbox 676 2137 785 2224; x_wconf 83' lang='lat' dir='ltr'><strong>dedit,</strong></span> <span class='ocrx_word' id='word_1_94' title='bbox 799 2139 1010 2232; x_wconf 89' lang='lat' dir='ltr'><strong>insenuitque</strong></span> <span class='ocrx_word' id='word_1_95' title='bbox 1117 2209 1121 2218; x_wconf 65' lang='grc'>,</span> 
     </span>
    </p>

    <p class='ocr_par' dir='ltr' id='par_1_15' title="bbox 234 2250 927 2338">
     <span class='ocr_line' id='line_1_15' title="bbox 234 2250 927 2338; baseline 0.004 -20"><span class='ocrx_word' id='word_1_96' title='bbox 234 2250 343 2319; x_wconf 82' lang='lat' dir='ltr'><strong>Libris</strong></span> <span class='ocrx_word' id='word_1_97' title='bbox 357 2266 389 2319; x_wconf 92' lang='lat' dir='ltr'><strong>et</strong></span> <span class='ocrx_word' id='word_1_98' title='bbox 402 2252 508 2338; x_wconf 90' lang='lat' dir='ltr'><strong>curis,</strong></span> <span class='ocrx_word' id='word_1_99' title='bbox 521 2266 629 2320; x_wconf 86' lang='lat' dir='ltr'><strong>statua</strong></span> <span class='ocrx_word' id='word_1_100' title='bbox 644 2253 843 2321; x_wconf 85' lang='lat' dir='ltr'><strong>taciturnius</strong></span> <span class='ocrx_word' id='word_1_101' title='bbox 856 2253 927 2321; x_wconf 86' lang='lat' dir='ltr'><strong>exit</strong></span> 
     </span>
    </p>

    <p class='ocr_par' dir='ltr' id='par_1_16' title="bbox 234 2363 1160 2460">
     <span class='ocr_line' id='line_1_16' title="bbox 234 2363 1160 2460; baseline 0 -27"><span class='ocrx_word' id='word_1_102' title='bbox 234 2363 449 2457; x_wconf 86' lang='lat' dir='ltr'><strong>Plerumque,</strong></span> <span class='ocrx_word' id='word_1_103' title='bbox 462 2380 495 2434; x_wconf 94' lang='lat' dir='ltr'><strong>et</strong></span> <span class='ocrx_word' id='word_1_104' title='bbox 509 2366 577 2435; x_wconf 82' lang='lat' dir='ltr'><strong>risu</strong></span> <span class='ocrx_word' id='word_1_105' title='bbox 590 2364 752 2460; x_wconf 91' lang='lat' dir='ltr'><strong>populum</strong></span> <span class='ocrx_word' id='word_1_106' title='bbox 767 2367 893 2460; x_wconf 71' lang='lat' dir='ltr'><strong>quatit,</strong></span> <span class='ocrx_word' id='word_1_107' title='bbox 905 2368 962 2435; x_wconf 89' lang='lat' dir='ltr'><strong>hic</strong></span> <span class='ocrx_word' id='word_1_108' title='bbox 974 2391 1037 2460; x_wconf 82' lang='lat' dir='ltr'><strong>ego</strong></span> <span class='ocrx_word' id='word_1_109' title='bbox 1051 2390 1160 2434; x_wconf 90' lang='lat' dir='ltr'><strong>rerum</strong></span> 
     </span>
    </p>

    <p class='ocr_par' dir='ltr' id='par_1_17' title="bbox 235 2475 1035 2575">
     <span class='ocr_line' id='line_1_17' title="bbox 235 2475 1035 2575; baseline 0.003 -30"><span class='ocrx_word' id='word_1_110' title='bbox 235 2475 404 2547; x_wconf 85' lang='lat' dir='ltr'><strong>Fluctibus</strong></span> <span class='ocrx_word' id='word_1_111' title='bbox 417 2479 451 2547; x_wconf 91' lang='lat' dir='ltr'><strong>in</strong></span> <span class='ocrx_word' id='word_1_112' title='bbox 466 2480 602 2565; x_wconf 88' lang='lat' dir='ltr'><strong>mediis,</strong></span> <span class='ocrx_word' id='word_1_113' title='bbox 614 2495 648 2549; x_wconf 88' lang='lat' dir='ltr'><strong>et</strong></span> <span class='ocrx_word' id='word_1_114' title='bbox 660 2481 912 2575; x_wconf 83' lang='lat' dir='ltr'><strong>tempestatibus</strong></span> <span class='ocrx_word' id='word_1_115' title='bbox 925 2481 1035 2566; x_wconf 88' lang='lat' dir='ltr'><strong>urbis,</strong></span> 
     </span>
    </p>

    <p class='ocr_par' dir='ltr' id='par_1_18' title="bbox 238 2589 1080 2794">
     <span class='ocr_line' id='line_1_18' title="bbox 238 2589 1080 2687; baseline 0.002 -30"><span class='ocrx_word' id='word_1_116' title='bbox 238 2589 344 2660; x_wconf 88' lang='lat' dir='ltr'><strong>Verba</strong></span> <span class='ocrx_word' id='word_1_117' title='bbox 359 2589 435 2683; x_wconf 78' lang='lat' dir='ltr'><strong>lyra</strong></span> <span class='ocrx_word' id='word_1_118' title='bbox 447 2605 579 2661; x_wconf 90' lang='lat' dir='ltr'><strong>motura</strong></span> <span class='ocrx_word' id='word_1_119' title='bbox 593 2617 712 2661; x_wconf 90' lang='lat' dir='ltr'><strong>sonum</strong></span> <span class='ocrx_word' id='word_1_120' title='bbox 728 2607 924 2662; x_wconf 88' lang='lat' dir='ltr'><strong>connectere</strong></span> <span class='ocrx_word' id='word_1_121' title='bbox 938 2591 1080 2687; x_wconf 83' lang='lat' dir='ltr'><strong>digner?</strong></span> 
     </span>
     <span class='ocr_line' id='line_1_19' title="bbox 282 2706 1058 2794; baseline 0.004 -23"><span class='ocrx_word' id='word_1_122' title='bbox 282 2707 399 2773; x_wconf 84' lang='lat' dir='ltr'><strong>Frater</strong></span> <span class='ocrx_word' id='word_1_123' title='bbox 410 2718 481 2773; x_wconf 89' lang='lat' dir='ltr'><strong>erat</strong></span> <span class='ocrx_word' id='word_1_124' title='bbox 494 2709 609 2775; x_wconf 82' lang='lat' dir='ltr'><strong>Romae</strong></span> <span class='ocrx_word' id='word_1_125' title='bbox 622 2706 765 2776; x_wconf 91' lang='lat' dir='ltr'><strong>consulti</strong></span> <span class='ocrx_word' id='word_1_126' title='bbox 781 2709 910 2794; x_wconf 87' lang='lat' dir='ltr'><strong>rhetor,</strong></span> <span class='ocrx_word' id='word_1_127' title='bbox 922 2721 961 2776; x_wconf 93' lang='lat' dir='ltr'><strong>ut</strong></span> <span class='ocrx_word' id='word_1_128' title='bbox 973 2707 1058 2777; x_wconf 90' lang='lat' dir='ltr'><strong>alter</strong></span> 
     </span>
    </p>

    <p class='ocr_par' dir='ltr' id='par_1_19' title="bbox 238 2815 987 2910">
     <span class='ocr_line' id='line_1_20' title="bbox 238 2815 987 2910; baseline 0.008 -23"><span class='ocrx_word' id='word_1_129' title='bbox 238 2815 379 2887; x_wconf 83' lang='lat' dir='ltr'><strong>Alterius</strong></span> <span class='ocrx_word' id='word_1_130' title='bbox 392 2843 543 2888; x_wconf 87' lang='lat' dir='ltr'><strong>sermone</strong></span> <span class='ocrx_word' id='word_1_131' title='bbox 557 2845 667 2890; x_wconf 86' lang='lat' dir='ltr'><strong>meros</strong></span> <span class='ocrx_word' id='word_1_132' title='bbox 680 2821 811 2892; x_wconf 90' lang='lat' dir='ltr'><strong>audiret</strong></span> <span class='ocrx_word' id='word_1_133' title='bbox 823 2824 987 2910; x_wconf 89' lang='lat' dir='ltr'><strong>honores,</strong></span> 
     </span>
    </p>

    <p class='ocr_par' dir='ltr' id='par_1_20' title="bbox 239 2933 1072 3023">
     <span class='ocr_line' id='line_1_21' title="bbox 239 2933 1072 3023; baseline 0.006 -23"><span class='ocrx_word' id='word_1_134' title='bbox 239 2933 408 3001; x_wconf 89' lang='lat' dir='ltr'><strong>Gracchus</strong></span> <span class='ocrx_word' id='word_1_135' title='bbox 422 2948 459 3002; x_wconf 93' lang='lat' dir='ltr'><strong>ut</strong></span> <span class='ocrx_word' id='word_1_136' title='bbox 472 2935 526 3003; x_wconf 92' lang='lat' dir='ltr'><strong>hic</strong></span> <span class='ocrx_word' id='word_1_137' title='bbox 540 2933 589 3003; x_wconf 91' lang='lat' dir='ltr'><strong>illi</strong></span> <span class='ocrx_word' id='word_1_138' title='bbox 603 2936 706 3023; x_wconf 89' lang='lat' dir='ltr'><strong>foret,</strong></span> <span class='ocrx_word' id='word_1_139' title='bbox 719 2937 798 3005; x_wconf 89' lang='lat' dir='ltr'><strong>huic</strong></span> <span class='ocrx_word' id='word_1_140' title='bbox 810 2952 849 3006; x_wconf 92' lang='lat' dir='ltr'><strong>ut</strong></span> <span class='ocrx_word' id='word_1_141' title='bbox 860 2939 994 3007; x_wconf 88' lang='lat' dir='ltr'><strong>Mucius</strong></span> <span class='ocrx_word' id='word_1_142' title='bbox 1008 2936 1072 3005; x_wconf 92' lang='lat' dir='ltr'><strong>ille.</strong></span> 
     </span>
    </p>

    <p class='ocr_par' dir='ltr' id='par_1_21' title="bbox 168 3039 1099 3146">
     <span class='ocr_line' id='line_1_22' title="bbox 168 3039 1099 3146; baseline 0.004 -32"><span class='ocrx_word' id='word_1_143' title='bbox 168 3121 173 3134; x_wconf 49' lang='lat'><strong>,</strong></span> <span class='ocrx_word' id='word_1_144' title='bbox 239 3047 305 3134; x_wconf 88' lang='lat' dir='ltr'><strong>Qui</strong></span> <span class='ocrx_word' id='word_1_145' title='bbox 319 3048 430 3117; x_wconf 89' lang='lat' dir='ltr'><strong>minus</strong></span> <span class='ocrx_word' id='word_1_146' title='bbox 443 3065 578 3142; x_wconf 84' lang='lat' dir='ltr'><strong>argutos</strong></span> <span class='ocrx_word' id='word_1_147' title='bbox 590 3066 688 3120; x_wconf 80' lang='lat' dir='ltr'><strong>vexat</strong></span> <span class='ocrx_word' id='word_1_148' title='bbox 701 3052 796 3120; x_wconf 83' lang='lat' dir='ltr'><strong>furor</strong></span> <span class='ocrx_word' id='word_1_149' title='bbox 811 3053 872 3121; x_wconf 90' lang='lat' dir='ltr'><strong>iste</strong></span> <span class='ocrx_word' id='word_1_150' title='bbox 886 3050 1022 3146; x_wconf 79' lang='lat' dir='ltr'><strong>poetas?</strong></span> <span class='ocrx_word' id='word_1_151' title='bbox 1049 3039 1099 3112; x_wconf 55' lang='lat' dir='ltr'>fl</span> 
     </span>
    </p>

    <p class='ocr_par' dir='ltr' id='par_1_22' title="bbox 240 3163 1054 3262">
     <span class='ocr_line' id='line_1_23' title="bbox 240 3163 1054 3262; baseline 0.002 -33"><span class='ocrx_word' id='word_1_152' title='bbox 240 3163 397 3231; x_wconf 82' lang='lat' dir='ltr'><strong>Carmina</strong></span> <span class='ocrx_word' id='word_1_153' title='bbox 411 3188 593 3256; x_wconf 88' lang='lat' dir='ltr'><strong>compono,</strong></span> <span class='ocrx_word' id='word_1_154' title='bbox 606 3165 662 3234; x_wconf 94' lang='lat' dir='ltr'><strong>hic</strong></span> <span class='ocrx_word' id='word_1_155' title='bbox 675 3165 803 3262; x_wconf 82' lang='lat' dir='ltr'><strong>elegos3</strong></span> <span class='ocrx_word' id='word_1_156' title='bbox 817 3164 969 3235; x_wconf 90' lang='lat' dir='ltr'><strong>mirabile</strong></span> <span class='ocrx_word' id='word_1_157' title='bbox 981 3165 1054 3232; x_wconf 85' lang='lat' dir='ltr'><strong>visu</strong></span> 
     </span>
    </p>

    <p class='ocr_par' dir='ltr' id='par_1_23' title="bbox 241 3273 1170 3375">
     <span class='ocr_line' id='line_1_24' title="bbox 241 3273 1170 3375; baseline 0 -31"><span class='ocrx_word' id='word_1_158' title='bbox 241 3273 465 3371; x_wconf 70' lang='lat' dir='ltr'><strong>Caelatumque</strong></span> <span class='ocrx_word' id='word_1_159' title='bbox 479 3304 598 3348; x_wconf 81' lang='lat' dir='ltr'><strong>novem</strong></span> <span class='ocrx_word' id='word_1_160' title='bbox 612 3281 720 3350; x_wconf 86' lang='lat' dir='ltr'><strong>Musis</strong></span> <span class='ocrx_word' id='word_1_161' title='bbox 733 3278 835 3375; x_wconf 89' lang='lat' dir='ltr'><strong>opus!</strong></span> <span class='ocrx_word' id='word_1_162' title='bbox 851 3280 992 3374; x_wconf 80' lang='lat' dir='ltr'><strong>Adspice</strong></span> <span class='ocrx_word' id='word_1_163' title='bbox 1006 3278 1170 3370; x_wconf 90' lang='lat' dir='ltr'><strong>primum,</strong></span> 
     </span>
    </p>

    <p class='ocr_par' dir='ltr' id='par_1_24' title="bbox 241 3389 1066 3487">
     <span class='ocr_line' id='line_1_25' title="bbox 241 3389 1066 3487; baseline 0.004 -32"><span class='ocrx_word' id='word_1_164' title='bbox 241 3389 375 3475; x_wconf 87' lang='lat' dir='ltr'><strong>Quanto</strong></span> <span class='ocrx_word' id='word_1_165' title='bbox 389 3414 464 3458; x_wconf 89' lang='lat' dir='ltr'><strong>cum</strong></span> <span class='ocrx_word' id='word_1_166' title='bbox 481 3390 584 3478; x_wconf 86' lang='lat' dir='ltr'><strong>fastu,</strong></span> <span class='ocrx_word' id='word_1_167' title='bbox 597 3408 723 3487; x_wconf 90' lang='lat' dir='ltr'><strong>quanto</strong></span> <span class='ocrx_word' id='word_1_168' title='bbox 738 3393 910 3463; x_wconf 87' lang='lat' dir='ltr'><strong>molimine</strong></span> <span class='ocrx_word' id='word_1_169' title='bbox 924 3393 1066 3461; x_wconf 86' lang='lat' dir='ltr'><strong>circum·</strong></span> 
     </span>
    </p>

    <p class='ocr_par' dir='ltr' id='par_1_25' title="bbox 241 3503 1026 3595">
     <span class='ocr_line' id='line_1_26' title="bbox 241 3503 1026 3595; baseline 0.004 -27"><span class='ocrx_word' id='word_1_170' title='bbox 241 3503 430 3595; x_wconf 85' lang='lat' dir='ltr'><strong>Spectemus</strong></span> <span class='ocrx_word' id='word_1_171' title='bbox 442 3529 580 3573; x_wconf 89' lang='lat' dir='ltr'><strong>vacuam</strong></span> <span class='ocrx_word' id='word_1_172' title='bbox 592 3508 753 3576; x_wconf 89' lang='lat' dir='ltr'><strong>Romanis</strong></span> <span class='ocrx_word' id='word_1_173' title='bbox 767 3507 899 3575; x_wconf 89' lang='lat' dir='ltr'><strong>vatibus</strong></span> <span class='ocrx_word' id='word_1_174' title='bbox 912 3504 1026 3574; x_wconf 78' lang='lat' dir='ltr'><strong>adem.</strong></span> 
     </span>
    </p>

    <p class='ocr_par' dir='ltr' id='par_1_26' title="bbox 241 3614 1158 3714">
     <span class='ocr_line' id='line_1_27' title="bbox 241 3614 1158 3714; baseline 0 -31"><span class='ocrx_word' id='word_1_175' title='bbox 241 3617 321 3683; x_wconf 85' lang='lat' dir='ltr'><strong>Mox</strong></span> <span class='ocrx_word' id='word_1_176' title='bbox 335 3617 452 3705; x_wconf 91' lang='lat' dir='ltr'><strong>etiam,</strong></span> <span class='ocrx_word' id='word_1_177' title='bbox 466 3619 492 3687; x_wconf 84' lang='lat' dir='ltr'><strong>si</strong></span> <span class='ocrx_word' id='word_1_178' title='bbox 507 3618 593 3688; x_wconf 84' lang='lat' dir='ltr'><strong>forte</strong></span> <span class='ocrx_word' id='word_1_179' title='bbox 605 3645 721 3706; x_wconf 88' lang='lat' dir='ltr'><strong>vacas,</strong></span> <span class='ocrx_word' id='word_1_180' title='bbox 734 3645 889 3714; x_wconf 84' lang='lat' dir='ltr'><strong>sequere,</strong></span> <span class='ocrx_word' id='word_1_181' title='bbox 903 3633 936 3687; x_wconf 91' lang='lat' dir='ltr'><strong>et</strong></span> <span class='ocrx_word' id='word_1_182' title='bbox 950 3615 1067 3712; x_wconf 90' lang='lat' dir='ltr'><strong>procul</strong></span> <span class='ocrx_word' id='word_1_183' title='bbox 1081 3614 1158 3684; x_wconf 91' lang='lat' dir='ltr'><strong>audl</strong></span> 
     </span>
    </p>

    <p class='ocr_par' dir='ltr' id='par_1_27' title="bbox 242 3730 1146 3828">
     <span class='ocr_line' id='line_1_28' title="bbox 242 3730 1146 3828; baseline 0 -30"><span class='ocrx_word' id='word_1_184' title='bbox 242 3730 333 3817; x_wconf 85' lang='lat' dir='ltr'><strong>Quid</strong></span> <span class='ocrx_word' id='word_1_185' title='bbox 348 3731 448 3822; x_wconf 90' lang='lat' dir='ltr'><strong>ferat,</strong></span> <span class='ocrx_word' id='word_1_186' title='bbox 460 3749 494 3802; x_wconf 90' lang='lat' dir='ltr'><strong>et</strong></span> <span class='ocrx_word' id='word_1_187' title='bbox 506 3760 610 3828; x_wconf 89' lang='lat' dir='ltr'><strong>quare</strong></span> <span class='ocrx_word' id='word_1_188' title='bbox 624 3736 686 3805; x_wconf 91' lang='lat' dir='ltr'><strong>sibi</strong></span> <span class='ocrx_word' id='word_1_189' title='bbox 701 3749 810 3804; x_wconf 87' lang='lat' dir='ltr'><strong>nectat</strong></span> <span class='ocrx_word' id='word_1_190' title='bbox 824 3748 965 3828; x_wconf 87' lang='lat' dir='ltr'><strong>uterque</strong></span> <span class='ocrx_word' id='word_1_191' title='bbox 979 3755 1146 3801; x_wconf 89' lang='lat' dir='ltr'><strong>coronam.</strong></span> 
     </span>
    </p>

    <p class='ocr_par' dir='ltr' id='par_1_28' title="bbox 242 3842 1149 3942">
     <span class='ocr_line' id='line_1_29' title="bbox 242 3842 1149 3942; baseline 0 -30"><span class='ocrx_word' id='word_1_192' title='bbox 242 3842 425 3931; x_wconf 86' lang='lat' dir='ltr'><strong>Caedimur,</strong></span> <span class='ocrx_word' id='word_1_193' title='bbox 438 3861 472 3914; x_wconf 93' lang='lat' dir='ltr'><strong>et</strong></span> <span class='ocrx_word' id='word_1_194' title='bbox 484 3847 625 3917; x_wconf 89' lang='lat' dir='ltr'><strong>totidem</strong></span> <span class='ocrx_word' id='word_1_195' title='bbox 638 3846 745 3942; x_wconf 83' lang='lat' dir='ltr'><strong>plagis</strong></span> <span class='ocrx_word' id='word_1_196' title='bbox 759 3846 986 3916; x_wconf 89' lang='lat' dir='ltr'><strong>consumimus</strong></span> <span class='ocrx_word' id='word_1_197' title='bbox 1000 3845 1149 3930; x_wconf 88' lang='lat' dir='ltr'><strong>hostem,</strong></span> 
     </span>
    </p>

    <p class='ocr_par' dir='ltr' id='par_1_29' title="bbox 245 3957 985 4054">
     <span class='ocr_line' id='line_1_30' title="bbox 245 3957 985 4054; baseline 0.007 -32"><span class='ocrx_word' id='word_1_198' title='bbox 245 3957 349 4024; x_wconf 88' lang='lat' dir='ltr'><strong>Lento</strong></span> <span class='ocrx_word' id='word_1_199' title='bbox 362 3959 526 4027; x_wconf 88' lang='lat' dir='ltr'><strong>Samnites</strong></span> <span class='ocrx_word' id='word_1_200' title='bbox 540 3959 583 4028; x_wconf 88' lang='lat' dir='ltr'><strong>ad</strong></span> <span class='ocrx_word' id='word_1_201' title='bbox 598 3957 727 4029; x_wconf 91' lang='lat' dir='ltr'><strong>lumina</strong></span> <span class='ocrx_word' id='word_1_202' title='bbox 739 3960 850 4054; x_wconf 89' lang='lat' dir='ltr'><strong>prima</strong></span> <span class='ocrx_word' id='word_1_203' title='bbox 863 3957 985 4028; x_wconf 89' lang='lat' dir='ltr'><strong>duello.</strong></span> 
     </span>
    </p>

    <p class='ocr_par' dir='ltr' id='par_1_30' title="bbox 244 4069 1057 4167">
     <span class='ocr_line' id='line_1_31' title="bbox 244 4069 1057 4167; baseline 0.005 -31"><span class='ocrx_word' id='word_1_204' title='bbox 244 4069 386 4140; x_wconf 89' lang='lat' dir='ltr'><strong>Discedo</strong></span> <span class='ocrx_word' id='word_1_205' title='bbox 401 4070 529 4142; x_wconf 72' lang='lat' dir='ltr'><strong>Alcaeus</strong></span> <span class='ocrx_word' id='word_1_206' title='bbox 542 4089 667 4167; x_wconf 90' lang='lat' dir='ltr'><strong>puncto</strong></span> <span class='ocrx_word' id='word_1_207' title='bbox 683 4073 789 4160; x_wconf 85' lang='lat' dir='ltr'><strong>illius3</strong></span> <span class='ocrx_word' id='word_1_208' title='bbox 802 4072 858 4142; x_wconf 92' lang='lat' dir='ltr'><strong>ille</strong></span> <span class='ocrx_word' id='word_1_209' title='bbox 872 4099 946 4142; x_wconf 92' lang='lat' dir='ltr'><strong>meo</strong></span> <span class='ocrx_word' id='word_1_210' title='bbox 959 4072 1057 4165; x_wconf 80' lang='lat' dir='ltr'><strong>quis?</strong></span> 
     </span>
    </p>
   </div>
   <div class='ocr_carea' id='block_1_3' title="bbox 0 0 1698 5342">
    <p class='ocr_par' dir='ltr' id='par_1_31' title="bbox 0 0 1698 5342">
     <span class='ocr_line' id='line_1_32' title="bbox 0 0 1698 5342; baseline 0 0"><span class='ocrx_word' id='word_1_211' title='bbox 0 0 1698 5342; x_wconf 95' lang='lat' dir='ltr'><strong> </strong></span> 
     </span>
    </p>
   </div>
  </div>
 </body>
</html>
