3325 5342
470 655 539 740 314
695 655 738 740 Q.
769 652 995 720 HORATII
1028 653 1223 722 FLACCI
1389 675 1415 704 v·
1440 669 1480 712 ⁴⁰

468 818 485 852 α
495 787 561 857 Ibit
576 809 616 853 eo
628 808 696 878 quo
710 784 778 868 vis,
790 783 849 876 qui
864 807 983 851 zonam
997 782 1188 876 perdidit,»
1202 784 1325 879 inquit

516 903 631 968 Romoe
646 896 768 965 nutriri
783 894 866 963 mihi
881 895 1041 988 contigit,
1054 909 1154 989 atque
1169 895 1281 966 doceri

469 1017 578 1081 Iratus
591 1009 704 1080 Graiis
717 1022 880 1101 quantum
896 1008 1062 1076 nocuisset
1075 1005 1227 1078 Achilles.

470 1125 629 1218 Adjecere
641 1123 737 1190 bonae
750 1119 853 1214 paulo
865 1119 941 1214 plus
954 1120 1035 1189 artis
1050 1120 1206 1207 Athenae,

469 1236 602 1308 Scilicet
613 1251 652 1305 ut
665 1259 795 1330 possem
808 1259 911 1304 curvo
924 1234 1118 1329 dignoscere
1133 1249 1279 1320 rectum,

470 1356 578 1445 Atque
591 1351 678 1419 inter
690 1348 788 1418 silvas
803 1348 960 1418 Academi
976 1372 1123 1442 qtroerere
1135 1373 1259 1418 verum.

471 1469 566 1535 Dura
579 1463 637 1533 sed
650 1487 801 1533 emovere
815 1460 889 1531 loco
903 1486 957 1531 me
972 1475 1122 1556 tempora
1138 1477 1250 1556 grato,

472 1577 654 1671 Civilisque
668 1576 784 1645 rudem
799 1575 879 1646 belli
893 1575 971 1644 tulit
983 1590 1081 1645 aestus
1096 1578 1130 1643 iu
1145 1600 1256 1662 arma,

472 1692 610 1762 Caesaris
624 1692 765 1785 Augusti
781 1716 849 1759 non
865 1714 1062 1784 responsura
1076 1688 1215 1759 lacertis.

472 1805 571 1876 Unde
585 1804 682 1873 simul
698 1805 844 1897 primum
859 1830 912 1873 me
927 1804 1082 1873 dimisere
1095 1803 1259 1898 Philippi,

472 1919 600 1988 Decisis
613 1916 774 1986 humilem
789 1919 926 2012 pennis,
940 1919 1139 2012 inopemque
1152 1919 1280 2011 paterni

472 2036 515 2101 Et
528 2031 606 2100 laris
619 2047 652 2099 et
667 2031 762 2100 bandi
773 2084 783 2117 ‚
796 2047 974 2127 paupertas
987 2030 1121 2127 impulit
1135 2031 1244 2101 audax

473 2150 520 2216 Ut
533 2171 647 2215 versus
662 2146 821 2234 lacerem3
835 2146 910 2233 sed,
925 2146 1016 2240 quod
1031 2172 1098 2214 non
1113 2146 1214 2232 desit,
1228 2146 1403 2216 habentem

473 2260 557 2347 Quae
570 2275 727 2352 poterunt
741 2285 901 2354 umquam
915 2261 994 2329 satis
1008 2285 1193 2355 expurgare
1206 2259 1340 2347 cicutae,

473 2374 518 2442 Ni
532 2374 650 2443 melius
664 2374 812 2444 dormire
824 2390 957 2469 putem,
971 2399 1071 2468 quam
1085 2375 1229 2444 scribere
1243 2374 1378 2444 versus?

473 2486 612 2580 Singula
626 2488 667 2556 de
681 2489 777 2557 nobis
791 2489 872 2557 anni
886 2487 1078 2582 praedantur
1090 2502 1223 2575 euntes3

474 2601 634 2694 Eripuere
644 2602 756 2695 jocos,
770 2627 942 2689 venerem,
955 2603 1125 2687 convivia,
1139 2600 1275 2688 ludum3

474 2713 629 2782 Tendunt
641 2730 838 2809 extorquere
852 2730 1013 2809 poemata.
1028 2716 1121 2805 Quid
1136 2715 1256 2786 faciam
1270 2714 1341 2782 vis?

475 2830 628 2924 Denique
642 2856 709 2899 non
724 2857 839 2901 omnes
853 2832 967 2900 eadem
982 2831 1146 2899 mirantur
1159 2846 1346 2925 amantque.

475 2944 632 3013 Carmine
646 2960 682 3013 tu
698 2946 839 3039 gaudes,
850 2946 906 3014 hic
919 2943 1102 3013 delectatur
1115 2945 1250 3032 iambis,

476 3055 536 3126 Ille
550 3059 683 3127 Bioneis
696 3060 924 3146 sermonibus,
937 3074 970 3128 et
983 3057 1051 3128 sale
1064 3060 1171 3154 nigro.

474 3175 555 3240 Tres
568 3172 651 3239 mihi
665 3173 811 3241 convivae
825 3198 929 3267 prope
944 3173 1117 3242 dissentire
1130 3173 1300 3257 videntur,

475 3287 650 3355 Poscentes
663 3287 756 3355 vario
769 3285 913 3356 multum
928 3287 1057 3356 diversa
1071 3285 1192 3380 palato.

475 3397 567 3485 Quid
577 3398 672 3466 dem?
684 3399 767 3493 quid
776 3424 844 3468 non
856 3399 1086 3469 demlRenuis
1096 3399 1187 3493 quod
1197 3413 1250 3483 tu,
1257 3397 1353 3491 jubet
1363 3394 1465 3482 alter3

475 3512 577 3600 Quod
591 3514 694 3606 petis,
707 3513 742 3581 id
756 3539 835 3584 sane
847 3529 897 3584 est
910 3515 1054 3583 invisum
1067 3514 1267 3606 acidumque
1280 3511 1419 3580 duobus.

475 3626 598 3693 Praeter
611 3639 745 3712 caetera,
760 3652 813 3696 me
827 3630 984 3696 Romaene
998 3640 1151 3720 poemata
1165 3649 1279 3694 censes

474 3738 625 3806 Scribere
638 3763 751 3831 posse,
765 3742 852 3810 inter
866 3756 917 3810 tot
931 3763 1027 3810 curas
1040 3754 1155 3832 totque
1170 3736 1321 3807 labores?

474 3850 537 3919 Hic
551 3877 708 3944 sponsum
723 3870 837 3942 vocat3
850 3855 906 3924 hic
918 3854 1070 3923 auditum
1085 3853 1226 3945 scripta,
1241 3848 1365 3919 relictis

475 3965 640 4032 Omnibus
654 3965 783 4037 officiis.
798 3969 910 4038 Cubat
922 3968 978 4037 hic
989 3968 1023 4036 in
1038 3965 1122 4035 colle
1136 3966 1290 4055 Quirini,

474 4075 538 4144 Hic
551 4091 698 4144 extremo
713 4079 746 4145 in
761 4082 946 4166 Aventin03
961 4079 1115 4149 visendus
1129 4092 1277 4170 uterque.
