3325 5342
238 625 315 671 nro
420 608 729 675 SATIRARUM
760 611 918 679 LIBER
950 615 975 679 l.
1010 611 1041 681 3.
1155 614 1219 708 193

237 743 284 808 Ut
297 760 436 831 quaeque
448 749 515 819 est,
528 735 573 802 ita
588 733 758 828 suppliciis
771 737 1052 809 delictacoercet?

236 852 270 920 Si
285 851 450 944 quiscum
466 872 614 934 servum,
628 849 775 940 patinam
790 850 847 942 qui
861 850 975 920 tollere
985 854 1112 946 jussus,

236 969 386 1034 Semesos
399 963 505 1056 pisces
518 961 733 1055 tepidumque
746 961 930 1056 ligurrierit
939 965 1011 1057 jus,

238 1083 277 1147 Iu
292 1101 389 1146 cruce
402 1074 555 1168 suffigat,
569 1075 725 1142 Labeone
739 1076 888 1149 insanior
902 1078 987 1146 inter

237 1193 343 1258 Sauos
357 1187 495 1255 dicatur.
511 1187 647 1274 Quanto
660 1186 724 1254 hoc
738 1187 895 1257 furiosius
908 1204 1008 1283 atque

237 1303 348 1395 Majus
361 1315 533 1394 peccatum
547 1295 770 1374 esthaulum
785 1300 925 1395 deliquit
937 1305 1080 1390 amicus,

238 1415 340 1504 Quod
354 1415 417 1482 nisi
433 1410 611 1496 concedas,
624 1412 765 1481 habeare
780 1415 942 1502 insuavis;
955 1418 1092 1486 acerbus

237 1525 347 1595 Odisti
362 1539 396 1593 et
411 1524 516 1618 fugis,
530 1538 568 1590 ut
581 1526 750 1591 Rusonem
766 1525 897 1594 debitor
909 1528 1005 1596 aeris?

240 1640 326 1728 Qui,
340 1639 422 1724 nisi,
436 1662 538 1731 quum
554 1638 663 1705 tristes
676 1638 797 1706 misero
811 1664 930 1708 venere
944 1640 1116 1726 Calendae,

241 1751 427 1823 Mercedem
441 1766 500 1819 aut
513 1775 668 1819 nummos
682 1752 771 1819 unde
785 1752 874 1823 unde
888 1754 1043 1840 extricat,
1055 1777 1183 1821 amaras

241 1870 395 1936 Porrecto
404 1863 524 1960 jugulo
538 1865 711 1951 historias,
724 1867 874 1958 captivus
887 1881 941 1950 ut,
954 1866 1056 1935 audit.

241 1979 445 2048 Comminxit
458 1976 578 2046 lectum
593 1992 709 2071 potus,
723 2002 875 2046 mensave
889 1976 1038 2046 catillum

241 2090 385 2160 Evandri
400 2091 552 2159 manibus
566 2092 682 2159 tritum
696 2091 831 2185 dejecit,
845 2093 894 2163 ob⁴
903 2091 988 2159 hanc
1002 2116 1090 2176 rem,

240 2208 307 2275 Aut
320 2205 465 2298 positum
478 2219 555 2273 ante
569 2229 641 2277 mea
654 2204 734 2298 quia
747 2202 876 2299 pullum
892 2204 926 2271 in
940 2219 1032 2298 parte
1046 2203 1147 2271 catini

240 2316 380 2388 Sustulit
392 2319 557 2405 esuriens,
571 2320 682 2389 minus
695 2317 759 2388 hoc
768 2316 937 2411 jucundus
950 2317 1075 2393 amicus
1184 2392 1186 2397 ,

240 2431 289 2500 Sit
303 2430 408 2499 mihi?
418 2430 511 2519 Quid
525 2431 661 2517 faciam,
675 2431 702 2499 si
716 2430 843 2505 butum
857 2427 991 2498 feeerit?
1004 2443 1062 2496 aut
1076 2428 1102 2496 si

240 2544 428 2613 Prodiderit
440 2546 615 2614 commissa
629 2544 712 2631 fide,
726 2569 924 2638 sponsumve
939 2540 1089 2637 negarit?

240 2659 325 2747 Quis
339 2659 430 2752 paria
444 2683 514 2728 esse
528 2659 596 2727 fere
609 2657 732 2752 placuit
746 2673 897 2751 peccata,
911 2656 1080 2742 laborant,

240 2772 353 2859 Quum
363 2786 500 2843 ventum
507 2772 550 2840 ad
561 2796 675 2843 verum
685 2786 871 2857 est3sensus
881 2796 1055 2863 moresque
1065 2779 1266 2863 repugnant,

240 2887 346 2977 Atque
360 2885 430 2979 ipsa
444 2882 587 2971 utilitas,
597 2885 798 2979 justiprope
811 2899 917 2954 mater
930 2900 963 2953 et
974 2885 1069 2979 aequi.

287 2998 401 3086 Quum
416 3013 652 3091 prorepserunt
667 2998 784 3091 primis
797 2995 953 3065 animalia
967 2998 1081 3082 terris,

239 3114 372 3181 Mutum
387 3128 420 3181 et
434 3129 530 3208 turpe
542 3139 660 3209 pecus,
674 3114 828 3208 glandem
838 3129 936 3206 atque
946 3111 1066 3181 cubilia
1077 3124 1222 3205 propter,

240 3226 418 3318 Unguibus
431 3241 464 3296 et
475 3228 615 3320 pugnis,
628 3226 704 3294 dein
720 3227 879 3313 [ustibus,
893 3241 993 3319 atque
1006 3225 1052 3294 ita
1066 3248 1167 3318 porro

240 3340 439 3433 Pugnabant
451 3342 570 3427 armis,
583 3366 657 3435 quae
671 3356 747 3434 post
760 3341 977 3410 fabricaverat
988 3364 1085 3424 usus;

240 3453 356 3521 Donec
369 3453 485 3540 verba,
498 3454 619 3547 quibus
632 3478 728 3522 voces
742 3478 921 3546 sensusque
936 3467 1106 3539 notarent,

239 3565 449 3659 Nominaque
464 3567 626 3635 invenere.
641 3567 773 3635 Dehinc
785 3566 942 3636 absistere
955 3564 1061 3651 bello,

239 3678 373 3772 Oppida
386 3695 556 3774 coeperunt
570 3681 718 3768 munire,
732 3696 765 3749 et
778 3706 902 3776 ponere
917 3679 1021 3775 leges,

239 3792 289 3861 Ne
303 3792 377 3885 quis
391 3792 446 3860 fur
458 3808 559 3880 esset,
572 3792 756 3879 neulatro,
769 3818 835 3863 neu
845 3793 923 3887 ,quis
937 3791 1077 3861 adulter.

238 3907 325 4011 llam
339 3906 403 3975 fuit
415 3922 492 3976 ante
504 3907 665 3977 Helenam
679 3934 810 3985 cunnus
823 3907 992 3977 teterrima
1005 3905 1084 3975 belli

240 4020 364 4105 Causa3
378 4020 435 4089 sed
450 4021 572 4112 ignotis
586 4023 755 4115 perierunt
769 4020 932 4089 mortibus
947 4017 1013 4105 illi,

1087 4146 1117 4191 13
