3325 5342
472 639 541 724 304
698 639 740 727 Q
773 638 999 706 HORATII
1032 639 1226 707 FLACCI
1387 660 1414 689 v.
1442 658 1476 709 ι7

469 768 526 841 Nil
540 769 704 838 oriturum
719 766 818 853 alias,
833 765 879 835 nil
894 781 1005 835 ortum
1020 766 1085 836 tale
1099 767 1246 838 fatentes.

469 880 534 950 Sed
547 896 624 949 tuus
636 880 692 949 hic
705 877 867 973 populns,
881 879 1011 972 sapiens
1023 894 1057 948 et
1067 881 1177 973 justus
1192 882 1226 950 in
1241 907 1331 964 uno,

469 998 517 1062 Te
531 994 653 1062 nostris
666 991 824 1079 ducibus,
838 1007 870 1060 te
884 992 996 1061 Graiis
1010 993 1241 1078 anteferendo,

471 1109 598 1175 Caetera
612 1129 820 1198 nequaquam
835 1102 935 1172 simili
951 1104 1078 1173 ratione
1091 1106 1258 1201 modoque

471 1218 641 1303 AEstimat,
653 1230 703 1302 et,
717 1217 780 1284 nisi
795 1241 868 1310 quae
882 1217 978 1285 terris
992 1232 1135 1302 semota,
1151 1218 1283 1312 suisque

471 1331 691 1425 Temporibus
705 1330 861 1399 defuncta
875 1331 983 1416 videt,
996 1330 1121 1400 fastidit
1134 1347 1169 1400 et
1181 1331 1270 1420 odit;

472 1444 527 1513 Sic
541 1443 652 1512 fautor
665 1457 831 1530 vetemm‚
846 1456 884 1512 ut
896 1441 1025 1511 tabulas
1040 1467 1174 1537 peccare
1188 1459 1353 1532 vetantes,

474 1559 566 1646 Quas
581 1557 632 1626 bis
646 1559 793 1652 quinque
807 1557 871 1624 viri
886 1571 1080 1644 sanxerunt,
1094 1557 1215 1627 foedera
1230 1583 1348 1654 regum

473 1670 535 1740 Vel
551 1672 685 1758 Gabiis,
700 1671 750 1741 vel
765 1697 841 1741 cum
857 1671 975 1766 rigidis
987 1687 1114 1765 aequata
1127 1673 1275 1760 Sabinis,

474 1784 674 1853 Pontificum
689 1783 810 1872 libros,
823 1809 949 1854 annosa
963 1784 1132 1854 volumina
1146 1802 1274 1872 vatum,

474 1898 614 1966 Dictitet
628 1896 759 1967 Albano
772 1902 886 1967 Musas
901 1900 935 1967 in
950 1914 1062 1969 monte
1076 1899 1211 1971 locutas.

474 2012 528 2098 Si,
542 2011 621 2104 qnia
635 2013 829 2081 Graecorum
845 2027 923 2081 sunt
937 2013 1166 2107 antiquissima
1180 2039 1317 2109 quaequc

474 2124 604 2218 Scripta
618 2123 669 2193 vel
683 2126 828 2218 optima,
841 2128 983 2195 Romani
998 2142 1178 2221 pensantur
1191 2129 1305 2197 eadem

475 2239 660 2333 Scriptores
673 2240 818 2325 trutina,
831 2265 898 2308 non
913 2241 1066 2335 estquod
1080 2240 1184 2311 multa
1199 2241 1395 2335 loquamur;

476 2349 532 2421 Nil
548 2351 634 2420 intra
650 2366 700 2420 est
712 2350 839 2440 oleam,
853 2351 899 2421 nil
913 2368 1006 2422 extra
1018 2369 1067 2422 est
1081 2355 1116 2422 in
1130 2378 1214 2423 nuce
1228 2354 1313 2423 duri.

475 2464 637 2534 Venimus
650 2463 694 2533 ad
708 2488 874 2535 summum
888 2467 1047 2554 fortunae;
1060 2468 1228 2562 pingimus
1241 2482 1340 2561 atque

476 2575 669 2664 psallimus,
682 2594 715 2648 et
727 2578 894 2648 luctamur
907 2581 1041 2650 Achivis
1055 2581 1183 2651 doctius
1197 2583 1315 2652 unctis.

476 2691 511 2760 Si
525 2689 663 2760 meliora
677 2691 765 2779 dies,
778 2708 816 2761 ut
830 2694 925 2780 vina,
938 2709 1090 2787 poemata
1107 2694 1231 2782 reddit,

476 2804 568 2873 Scire
581 2803 699 2892 velim,
712 2808 857 2899 pretium
872 2807 995 2876 chartis
1009 2823 1131 2901 quotus
1143 2823 1276 2903 arroget
1289 2832 1407 2876 annus,

477 2917 627 3010 Scriptor
639 2917 761 2987 abhinc
774 2944 880 2988 annos
893 2935 1026 2989 centum
1040 2922 1098 3014 qui
1112 2920 1253 3007 decidit,
1267 2923 1354 2989 inter

477 3029 642 3099 Perfectos
655 3046 846 3126 veteresque
860 3033 974 3103 referri
989 3034 1109 3103 debet?
1121 3060 1164 3103 au
1180 3036 1266 3103 inter

477 3141 569 3213 Viles
583 3159 683 3238 atque
698 3147 824 3216 novos?
837 3147 1001 3217 Excludat
1011 3149 1123 3244 jurgia
1136 3148 1223 3219 finis.
1233 3190 1281 3201 -

475 3259 535 3326 Est
548 3272 640 3327 vetus
654 3273 753 3352 atque
766 3261 909 3354 probus,
922 3277 1055 3330 centum
1071 3262 1128 3356 qui
1142 3261 1271 3356 perficit
1283 3285 1402 3330 annos
1418 3302 1466 3314 —

476 3368 586 3457 Quid,
599 3371 655 3463 qui
671 3367 812 3465 deperiit
824 3372 937 3441 minor
948 3398 1017 3443 uno
1031 3398 1160 3459 mense,
1177 3372 1227 3442 vel
1242 3398 1352 3460 anno,

476 3483 569 3550 Inter
582 3506 665 3576 quos
680 3483 870 3553 referendus
884 3485 970 3554 erit?
983 3501 1151 3555 veteresne
1164 3485 1300 3581 poetas?

477 3596 530 3663 An
545 3620 628 3688 quos
641 3611 675 3665 et
687 3595 830 3691 praesens
845 3613 878 3667 et
891 3613 1022 3693 postera
1037 3615 1170 3695 respuat
1183 3591 1340 3668 aetas?—

477 3711 543 3778 Iste
557 3710 691 3803 quidem
706 3727 831 3783 veteres
847 3714 1090 3808 interponetur
1102 3714 1256 3798 honeste,

476 3822 546 3909 Qui
561 3821 612 3891 vel
628 3849 738 3893 mense
751 3823 866 3914 brevi,
877 3826 927 3896 vel
942 3843 1012 3896 toto
1026 3842 1077 3896 est
1087 3827 1203 3920 junior
1216 3851 1314 3894 anuo.
1325 3867 1376 3877 —

476 3937 563 4003 Utor
577 3938 755 4029 permisso,
768 3941 947 4035 caudaque
960 3940 1046 4035 pilos
1060 3954 1098 4008 ut
1110 3940 1239 4033 equinae

476 4044 639 4115 Paulatim
654 4048 757 4136 vello,
770 4066 802 4120 et
816 4052 914 4121 demo
928 4079 1052 4138 unum,
1067 4053 1164 4123 demo
1178 4067 1210 4121 ct
1224 4053 1300 4120 item
1316 4075 1447 4134 unum,
