3325 5342
458 615 753 683 carminum
785 617 943 685 urana
976 622 1038 688 iv.
1173 582 1235 721 {47

401 748 539 812 Exercet
553 745 689 829 Auster,
702 742 874 813 Pleiadum
889 746 993 815 choro

400 857 578 928 Scindente
593 857 715 945 nubes,
730 858 871 952 impiger
885 860 1029 930 hostiurn

449 976 578 1041 Vexare
592 986 736 1057 turmas,
749 987 783 1041 et
796 972 990 1043 frementem

497 1086 631 1155 Mittere
644 1110 767 1178 equum
781 1086 909 1156 medios
922 1113 981 1181 per
996 1090 1096 1182 ignes.
1117 1159 1120 1166 ,

401 1341 456 1408 Sic
470 1339 673 1407 tauriformis
688 1339 831 1407 volvitur
845 1340 1003 1427 Aufidus,

402 1456 471 1544 Qui
486 1479 588 1549 regna
603 1455 716 1528 Dauni
731 1455 874 1547 praefluit
887 1455 1030 1550 Appuli‚

450 1570 564 1657 Quum
579 1568 688 1654 saevit,
701 1566 968 1663 horrendamque
982 1569 1078 1639 cultis

499 1679 669 1750 Diluviem
684 1679 863 1748 meditatur
877 1682 983 1774 agria;

403 1940 449 2006 Ut
462 1937 681 2007 barbarorum
696 1937 859 2008 Claudius
872 1941 1005 2034 agmina

403 2054 537 2119 Ferrata
551 2066 644 2121 vasto
659 2051 763 2121 diruit
778 2052 922 2146 impetu,
996 2053 999 2059 ’

450 2163 645 2257 Primosque
659 2179 693 2233 et
705 2178 869 2233 extremos
883 2165 1038 2234 metendo

499 2280 623 2346 Stravit
636 2277 795 2365 humum,
809 2280 879 2347 sine
893 2277 985 2349 clade
999 2280 1119 2366 victor,

402 2533 449 2597 Te
463 2531 593 2624 copias,
607 2544 639 2598 te
653 2523 830 2602 consilium
844 2545 877 2600 et
891 2546 966 2601 tuos

404 2644 573 2714 Praebente
587 2645 702 2714 Divoa
717 2648 802 2716 Nam
818 2647 898 2733 tibi,
911 2673 979 2741 quo
994 2647 1046 2716 die

451 2762 572 2829 Portus
587 2758 794 2830 Alexandrea
808 2760 947 2854 supplex

500 2876 542 2942 Et
556 2898 693 2944 vacuam
709 2875 863 2968 patefecit
876 2875 1005 2961 auiam,

405 3120 550 3187 Fortuna
565 3114 671 3185 lustro
686 3141 843 3209 prospera
858 3118 956 3187 tertio

406 3228 488 3298 Belli
503 3229 666 3299 secundos
682 3229 825 3299 reddidit
840 3231 965 3316 exitus,

455 3342 670 3438 Laudemque
683 3358 717 3414 et
730 3358 882 3438 optatum
896 3344 1036 3438 peractis

501 3457 654 3550 Imperiis
668 3457 767 3527 decus
781 3458 958 3551 arrogavit.

406 3705 453 3770 Te
466 3700 634 3770 Cantaber
644 3727 711 3771 non
725 3716 802 3770 ante
815 3698 1008 3785 domabilis,

407 3815 609 3909 Medusque,
622 3830 655 3884 et
668 3816 790 3901 Indus,
804 3829 837 3884 te
850 3812 1012 3908 profugus
1024 3810 1159 3904 Scythes

455 3929 614 4015 Miratur,
627 3955 648 3997 o
662 3928 765 3998 tutela
777 3952 920 4023 praeoens

504 4039 608 4109 Italiae
622 4042 828 4132 dominaque
842 4035 971 4109 Romae!
