3325 5342
450 645 519 716 316
675 646 717 732 Q.
749 644 974 713 HORATII
1005 646 1201 714 FLACCI
1266 685 1271 693 ·

447 776 549 865 Quis,
563 774 626 843 nisi
640 771 887 844 Callimachus?
899 772 934 841 Si
950 772 1025 866 plns
1039 774 1220 868 adposcere
1234 777 1350 864 visus,

448 891 501 958 Fit
513 889 750 974 Mimnermus,
761 901 795 956 et
808 887 922 981 optivo
936 890 1135 982 cognomine
1148 891 1277 959 crescit

447 1001 556 1072 Multa
570 1001 657 1089 fero,
670 1014 709 1069 ut
721 999 850 1093 placem
864 1024 968 1095 genus
981 999 1144 1070 irritabile
1157 1018 1291 1089 vatum,

448 1119 563 1206 Quum
578 1116 705 1200 scribo,
718 1130 751 1184 et
764 1113 902 1208 supplex
916 1113 1031 1209 populi
1046 1115 1206 1212 suffragia
1220 1132 1330 1213 capto.

449 1231 561 1317 Idem,
574 1230 677 1298 linitis
692 1229 829 1315 studiis,
842 1243 875 1296 et
888 1244 997 1298 mente
1013 1244 1160 1323 recepta,

448 1344 613 1414 Obturem
627 1342 757 1437 patulas
772 1343 908 1435 impune
922 1340 1108 1435 legentibus
1120 1368 1226 1413 aures.

497 1458 662 1527 Ridentur
675 1455 760 1525 mala
774 1457 832 1549 qui
847 1471 1052 1550 componunt
1066 1457 1230 1543 carmina3
1244 1482 1363 1526 verum

449 1571 606 1640 Gaudent
619 1570 817 1654 scribentes,
830 1583 864 1637 et
878 1594 912 1637 se
925 1584 1141 1656 venerantur,
1154 1585 1187 1638 et
1200 1568 1309 1656 ultro,

448 1685 482 1753 si
497 1699 621 1771 taceas,
634 1683 772 1753 laudant
786 1683 951 1777 quidquid
964 1684 1141 1777 scripsere,
1153 1684 1248 1753 beati.

449 1800 491 1865 At
504 1797 561 1890 qni
577 1795 762 1890 legitimum
778 1798 891 1890 cupiet
906 1797 1019 1866 secisse
1032 1822 1169 1891 poema,

448 1914 534 1980 Cum
548 1909 668 1978 tabulis
681 1912 831 1979 animum
846 1911 992 1980 censoris
1006 1926 1112 1980 smnet
1125 1912 1274 1998 honesti3

448 2022 596 2093 Audebit
608 2049 825 2118 quacumque
841 2051 959 2119 parum
974 2024 1160 2120 splendoris
1173 2025 1359 2110 habebunt,

447 2139 489 2204 Et
503 2137 574 2208 siue
588 2137 735 2230 pondere
748 2154 864 2224 erunt,
878 2139 1051 2208 ethonore
1065 2139 1202 2234 indigna
1216 2138 1379 2222 ferentur,

446 2249 558 2318 Verba
571 2275 703 2319 movere
718 2250 810 2336 loco,
823 2253 974 2346 quamvis
988 2252 1090 2320 invita
1106 2251 1276 2336 recedant,

446 2367 489 2432 Et
501 2380 674 2434 versentur
688 2365 799 2436 adhuc
812 2368 901 2435 intra
916 2364 1097 2460 penetralia
1109 2371 1225 2435 Vesta.

446 2475 632 2547 Obscurata
645 2479 703 2547 diu
717 2479 842 2573 populo
856 2480 964 2549 bonin
977 2494 1087 2567 eruet,
1102 2495 1201 2574 atque

446 2590 595 2659 Proseret
609 2593 643 2660 in
658 2590 766 2662 lucem
780 2595 927 2687 speciosa
941 2591 1101 2662 vocabula
1116 2618 1244 2677 rerum,

445 2708 548 2794 Quae,
561 2708 678 2800 priscis
691 2723 873 2778 memorata
887 2709 1071 2779 Catonibus
1085 2724 1184 2803 atque
1197 2706 1368 2800 Cethegis,

444 2821 543 2891 Nunc
556 2821 638 2889 situs
652 2821 805 2892 informis
819 2823 940 2916 premit
953 2837 986 2891 et
1000 2822 1128 2892 deserta
1141 2834 1302 2905 vetustas3

444 2933 611 3002 Adsciscet
624 2960 728 3023 nova,
741 2961 814 3029 quae
828 2938 959 3032 genitor
973 2936 1168 3029 produxerit
1181 2959 1270 3003 usus.

444 3039 629 3120 vehentis
641 3065 675 3118 et
689 3049 853 3144 liquidus,
868 3076 1018 3146 puroque
1032 3050 1222 3119 simillimus
1234 3048 1342 3134 amni,

443 3160 573 3230 Fundet
586 3186 683 3255 opes,
696 3163 897 3255 Latiumque
911 3164 1023 3232 beabit
1037 3163 1138 3231 divite
1153 3161 1285 3257 lingua3

444 3274 662 3344 Luxuriantia
675 3290 878 3369 compescet,
892 3277 991 3344 nimis
1004 3300 1120 3370 aspera
1134 3301 1216 3343 sano

443 3389 581 3457 Levabit
594 3388 704 3478 cultu,
717 3391 840 3459 virtute
854 3392 1001 3459 carentia
1014 3389 1127 3477 tollet3

442 3503 604 3573 Ludentis
618 3506 759 3598 speciem
773 3505 886 3591 dabit,
899 3520 932 3574 et
945 3505 1174 3599 torquebitur,
1188 3517 1226 3571 ut
1240 3504 1296 3596 qui

441 3618 540 3687 Nunc
552 3621 724 3712 Satymm,
738 3643 828 3687 nunc
841 3632 1003 3712 agrestem
1018 3616 1163 3711 Cyclopa
1178 3631 1339 3684 movetur.

488 3731 694 3801 Praetnlerim
708 3734 852 3826 scriptor
866 3732 990 3802 delirus
1005 3733 1159 3825 inersque
1172 3730 1294 3814 videri,

333 3860 336 3865 ·
440 3846 530 3911 Dum
545 3869 618 3913 mea
632 3844 795 3914 delectent
807 3844 896 3914 mala
910 3870 981 3931 me,
993 3842 1043 3913 vel
1059 3844 1204 3936 denique
1217 3840 1349 3924 fallant,

440 3957 549 4043 Quam
565 3981 695 4049 sapere,
708 3973 741 4027 et
755 3959 854 4052 ringi.
869 3960 946 4028 Fuit
959 3958 1049 4027 haud
1064 3955 1222 4052 ignobilis
1236 3955 1350 4047 Argis,

441 4066 509 4155 Qui
524 4092 558 4135 se
571 4068 725 4137 credebat
737 4072 842 4139 miros
855 4072 972 4140 audire
985 4069 1167 4164 tragoedos,

1350 665 1376 696 V.
1406 666 1459 696 too
