3325 5342
252 708 330 768 att
410 712 770 780 EPISTOLARUM
795 711 995 779 LIBERI.
1028 734 1078 804 17.
1167 710 1236 808 295

252 841 448 914 Antistam
463 838 634 909 effiactam
649 855 706 908 aut
720 840 884 911 subducta
898 842 1018 909 viatica
1030 840 1157 934 plorat,

253 957 342 1024 Nota
357 953 457 1023 refert
471 953 654 1022 meretricis
668 955 840 1039 acumina,
854 979 939 1048 saepe
949 952 1119 1038 (atellam,

254 1071 346 1162 Saepe
359 1066 585 1161 periscelidem
600 1081 728 1160 raptam
743 1067 806 1135 sibi
819 1068 946 1155 flentis3
959 1070 1008 1136 uti
1022 1094 1099 1136 mox

255 1179 356 1252 Nulla
369 1180 452 1249 fides
465 1180 595 1249 damnis
609 1181 760 1271 verisque
774 1178 945 1249 doloribus
957 1181 1052 1251 adsit

255 1295 326 1364 Nec
340 1293 440 1362 semel
453 1294 570 1363 irrisus
583 1292 689 1360 triviis
703 1291 854 1361 attollere
867 1308 961 1362 curat

256 1409 375 1473 Fracto
387 1430 484 1475 crure
497 1404 644 1499 planum.
659 1405 754 1473 Licet
767 1402 815 1471 illi
829 1403 974 1497 plurima
986 1421 1096 1474 manet

256 1520 429 1607 Lacrima,
441 1545 501 1614 per
513 1534 666 1589 sanctum
676 1519 808 1611 juratus
823 1518 910 1586 dicat
924 1521 1066 1589 Osirim:

255 1631 432 1719 «Credite,
447 1657 515 1700 uon
529 1632 631 1720 ludo;
645 1631 812 1716 crudeles,
825 1629 931 1699 tollite
943 1629 1114 1701 claudum!
1126 1662 1143 1697 »
1188 1705 1194 1720 ἱ

255 1745 402 1833 «Quaere
413 1747 629 1841 peregrinum
638 1776 674 1834 ,a
686 1746 808 1816 vicinia
822 1770 921 1814 rauca
936 1745 1099 1815 reclamat.

256 1991 1243 2014 mmmmmmmm

465 2184 794 2273 EPISTOLA
837 2185 1032 2271 XVIII.

593 2443 654 2498 AD
680 2442 908 2499 LOLLIUIL

256 2652 292 2719 Sr
306 2648 389 2717 bene
402 2661 435 2717 te
448 2649 545 2734 novi,
558 2662 703 2734 metues,
716 2646 885 2717 libetrime
898 2648 1005 2734 Lolli,

257 2762 444 2831 Scurrantis
457 2761 601 2855 speciem
614 2760 780 2855 piabere,
793 2761 960 2854 professus
974 2762 1127 2831 amicum.

257 2876 305 2942 Ut
317 2887 471 2942 matrona
483 2873 651 2941 meretrici
666 2871 779 2965 dispar
791 2873 856 2940 erit
869 2887 968 2966 atque

258 2986 430 3073 Discolor,
443 2985 549 3054 infido
563 3009 685 3054 scurrae
698 2986 835 3054 distabit
848 2987 983 3054 amicus.

258 3099 409 3168 Esthuic
423 3098 591 3168 diversum
604 3099 687 3166 vitio
701 3099 819 3167 vitium
834 3123 938 3192 prope
951 3098 1075 3192 majus,

258 3211 428 3303 Asperitas
439 3211 597 3304 agrestis,
611 3225 645 3279 et
658 3211 877 3296 inconcinna,
891 3212 1082 3305 gravisque,

259 3325 344 3412 Quae
358 3349 392 3392 se
405 3323 654 3393 commmendat
666 3339 763 3393 tonsa
775 3339 851 3394 cute
861 3378 872 3410 ,
884 3324 1039 3393 dentibus
1051 3325 1147 3408 atris,

260 3440 352 3506 Dum
369 3436 439 3505 vult
453 3436 590 3506 libertas
601 3438 666 3506 diei
680 3462 790 3524 mera,
802 3462 946 3531 veraque
960 3438 1073 3506 virtus.

259 3551 377 3618 Virtus
389 3564 440 3620 est
454 3551 602 3619 medium
615 3552 793 3638 vitiorum,
805 3564 838 3620 et
851 3550 1021 3641 utrimque
1034 3548 1216 3618 reductum.

260 3660 368 3748 Alter,
382 3664 417 3729 in
431 3663 628 3756 obsequium
642 3663 717 3758 plns
730 3687 824 3757 aequo
838 3685 981 3755 pronus,
993 3674 1026 3728 et
1040 3661 1098 3728 imi

260 3774 400 3843 Derisor
414 3774 508 3862 lecti,
520 3777 568 3844 sic
582 3791 700 3845 nutum
714 3776 827 3845 divitis
841 3774 973 3858 horret,

260 3888 314 3956 Sic
328 3888 426 3956 iterat
438 3913 552 3974 voces,
564 3903 598 3957 et
610 3890 712 3958 verba
725 3887 877 3957 cadentia
891 3883 996 3971 tollit,

261 4001 309 4068 Ut
320 4025 461 4093 puemm
476 4026 561 4069 saevo
575 4001 690 4070 credas
704 4001 827 4070 dictata
840 3999 1001 4092 magistro

262 4110 432 4199 Reddere,
445 4110 496 4180 vel
510 4127 622 4205 partes
635 4113 775 4200 mimum
789 4125 932 4180 tractare
945 4108 1115 4178 secundas.
