3325 5342
560 712 779 779 cronon
809 712 976 780 monn.
1195 716 1258 811 167

613 1150 756 1236 ODE
799 1151 924 1235 XII.

483 1403 532 1458 IN
560 1402 694 1458 ANUM
720 1401 1051 1462 LIBIDINOSAM.

276 1628 445 1719 Qmotibi
460 1630 527 1716 vis,
540 1626 660 1695 mulier
675 1627 779 1720 nigris
794 1626 988 1721 dignissima
1000 1634 1129 1705 barris?

371 1744 512 1810 Munera
526 1765 587 1808 cur
600 1739 702 1825 mihi,
715 1739 837 1832 quidve
849 1741 986 1811 tabellas

275 1855 400 1939 Mittis,
412 1877 473 1922 nec
485 1852 584 1921 firmo
593 1852 728 1946 juveni,
742 1876 849 1946 neque
863 1855 953 1923 naris
966 1857 1093 1926 obesae?

373 1970 525 2060 Namque
539 1966 689 2060 sagacius
702 1990 789 2034 unus
803 1966 944 2055 odoror,

278 2081 440 2176 Polypus,
452 2106 496 2151 an
511 2081 620 2175 gravis
634 2080 771 2149 hirsutis
784 2081 882 2149 cubet
896 2081 1008 2151 hircus
1022 2085 1054 2151 in
1069 2085 1147 2173 alis,

374 2197 484 2284 Quam
499 2195 590 2263 canis
602 2219 694 2279 acer,
706 2194 764 2261 ubi
778 2193 878 2262 lateat
890 2219 954 2265 sus.

279 2309 346 2397 Qui
360 2308 462 2377 sudor
475 2309 587 2393 vietis,
599 2322 633 2375 et
645 2332 745 2400 quam
759 2306 866 2376 malus
879 2309 1027 2403 undique
1039 2313 1196 2382 memhris

374 2421 501 2492 Crescit
514 2417 614 2490 odor!
630 2446 734 2514 quum
748 2446 832 2513 pene
845 2420 954 2490 soluto

278 2533 477 2603 Indomitam
493 2547 650 2627 properat
666 2533 791 2602 rabiem
805 2534 935 2621 sedare3
950 2558 1056 2629 neque
1069 2537 1117 2607 iili

372 2649 445 2715 Iam
459 2661 570 2717 manet
583 2646 723 2716 humida
735 2662 843 2734 creta,
856 2648 1014 2742 colorque

278 2762 427 2829 Stercore
441 2760 568 2830 fiscatus
582 2758 740 2830 crocodili
749 2786 759 2847 ;
769 2761 906 2855 jamque
918 2762 1069 2830 subando

373 2878 477 2943 Tenta
490 2875 629 2963 cubilia,
641 2889 792 2969 tectaque
806 2877 949 2969 rumpit3
973 2894 975 2901 “

279 2985 339 3057 vel
353 3011 427 3056 mea
440 3013 543 3081 quum
556 2988 649 3057 saevis
662 2989 766 3083 agitat
781 2988 912 3057 fastidia
925 2990 1051 3058 verbis:

374 3130 391 3164 α
404 3101 540 3170 Inachia
553 3100 690 3195 langues
702 3103 814 3171 minus
829 3127 868 3171 ac
881 3127 951 3189 me3

280 3246 295 3279 a
309 3217 479 3286 Inachiam
494 3232 544 3287 ter
557 3232 652 3287 nocte
665 3233 776 3312 potes,
790 3220 873 3288 mihi
886 3244 1015 3314 semper
1028 3221 1070 3288 ad
1085 3244 1189 3288 unum

374 3360 391 3394 a
404 3331 518 3401 Mollis
531 3330 630 3426 opus!
647 3336 763 3402 Pereat
778 3333 880 3419 male,
892 3358 966 3428 quae
979 3348 1010 3401 te

280 3471 296 3505 <t
310 3443 429 3512 lesbia
442 3446 602 3538 qrsaerenti
616 3459 767 3532 taurum,
781 3447 978 3515 monstravit
993 3445 1148 3526 inertem,

374 3586 391 3620 α
405 3559 519 3647 Quum
533 3559 615 3626 mihi
629 3561 720 3629 Cous
733 3559 862 3628 adesset
874 3561 1049 3653 Amyntam,

279 3670 413 3762 «Cujus
428 3672 462 3739 in
475 3672 638 3740 indomito
652 3672 859 3740 constantior
873 3673 1011 3766 inguine
1024 3694 1160 3756 nervus,

374 3811 392 3848 c
404 3786 514 3873 Quam
530 3811 616 3854 nova
629 3784 770 3854 collibus
783 3787 885 3854 arhor
898 3786 1044 3853 inhaeret.

278 3924 296 3958 c
309 3898 494 3968 Muricibus
506 3900 613 3993 Tyriis
627 3900 751 3967 iteratae
764 3898 885 3968 vellera
898 3897 981 3967 lanae

373 4039 390 4071 (ι
404 4012 468 4080 Cui
481 4011 770 4106 properabantur?
782 4012 857 4082 Tibi
872 4034 1008 4104 nempe3

277 4149 295 4182 a
308 4123 359 4191 Ne
373 4122 457 4191 foret
470 4123 611 4218 aequalos
625 4125 711 4193 inter
724 4124 880 4209 conviva,
893 4122 998 4214 magis
1011 4146 1109 4214 quem

1330 3526 1362 3567 l
