3325 5342
469 685 533 780 ¹78
690 687 731 773 Q.
764 686 986 753 nouurn
1018 688 1211 755 ruuccr

582 818 684 901 Diva,
697 815 860 908 producas
873 814 1035 902 sobolem,
1047 820 1249 912 Patrumque

583 932 757 1021 Prosperes
771 927 900 995 decreta
913 952 1011 1022 super
1021 928 1177 1022 juganclis

583 1037 744 1123 Feminis,
757 1037 926 1132 prolisque
939 1064 1031 1108 novae
1045 1040 1143 1109 feraci

728 1154 816 1246 Lege
828 1154 946 1220 marita
956 1178 966 1237 ;

583 1408 702 1475 Certus
715 1403 864 1472 undenos
878 1403 984 1471 decies
997 1429 1056 1498 per
1068 1429 1171 1472 annos

583 1518 684 1588 Orbis
696 1531 735 1586 ut
747 1531 862 1584 cautus
877 1516 1061 1612 referatque
1075 1515 1186 1599 ludos,

583 1636 647 1700 Ter
661 1631 714 1699 die
727 1628 835 1714 clarc,
847 1629 1009 1724 totiesque
1022 1644 1115 1725 grata

726 1746 831 1831 Nocte
845 1743 1039 1837 frequentes.

586 2001 721 2089 Vosque
734 2020 865 2065 veraces
876 1996 1049 2081 cecinisse,
1060 1998 1187 2079 Parcae,

588 2112 688 2200 Quod
701 2109 800 2179 semel
814 2109 940 2179 dictum
952 2124 1020 2196 est,
1032 2107 1224 2202 stabilisque
1237 2133 1345 2176 rerum

586 2224 761 2293 Terminus
774 2238 896 2309 servet,
909 2223 995 2291 bona
1005 2223 1075 2317 jam
1089 2222 1228 2315 peractis

728 2338 863 2432 lungite
875 2337 951 2407 fata.

588 2585 717 2655 Fertilis
731 2584 865 2678 frugum
879 2582 1073 2676 pecorisque
1086 2580 1181 2650 tellus

586 2700 701 2795 Spicea
714 2698 814 2766 donet
827 2699 981 2766 Cererem
995 2720 1133 2781 corona3

586 2813 743 2885 Nutriant
757 2811 842 2880 setus
855 2825 888 2879 et
900 2835 993 2903 aquae
1007 2809 1152 2878 salubres

730 2929 771 2994 Et
783 2924 873 2993 lovis
886 2947 983 2992 aurae.

585 3171 729 3242 Condito
741 3169 832 3237 mitis
846 3165 1058 3262 placidusque
1072 3162 1154 3248 telo,

584 3283 754 3379 Supplices
767 3282 845 3350 audi
859 3304 997 3375 pueros,
1011 3273 1147 3373 Apollo!

584 3397 736 3467 Siderum
751 3395 865 3489 regina
878 3392 1041 3477 bicornis,
1055 3391 1149 3477 audi,

726 3511 840 3593 Luna,
853 3499 994 3599 puellas!

585 3755 691 3820 Roma
704 3751 733 3819 si
746 3763 890 3818 vestrum
903 3761 952 3816 est
964 3770 1067 3839 opus,
1082 3743 1213 3837 lliaeque

585 3864 680 3932 Litus
693 3865 867 3931 Etruscum
880 3876 1016 3931 tenuere
1029 3874 1162 3941 turne,

584 3976 679 4043 Jussa
691 3998 767 4068 pars
780 3986 909 4040 mutare
922 3975 1023 4040 Lares
1036 3983 1069 4038 et
1081 3969 1198 4039 urbem

727 4087 857 4178 Sospite
869 4108 985 4169 cursu,
