3325 5342
426 620 469 704 84

653 622 695 708 Q.
726 621 947 696 HORATII
979 622 1172 689 FLACCI

568 755 637 820 Vos
651 750 725 819 lene
738 748 916 819 eonsilium
929 765 962 818 et
976 749 1079 836 datis,
1092 766 1125 818 et
1139 750 1216 819 dato

467 867 473 880 ‘
568 861 747 948 Gaudetis,
759 862 863 932 almae.
877 863 1026 952 Scimus,
1039 878 1077 931 ut
1092 864 1210 957 impios

616 978 752 1046 Titanas
766 977 1010 1070 immanemque
1025 991 1168 1045 turmam

665 1069 818 1170 Fulmine
832 1089 1001 1162 sustulerit
1014 1091 1156 1176 caduco,

568 1342 636 1430 Qui
653 1356 775 1409 terram
790 1342 948 1426 inertem,
961 1342 1018 1433 qui
1034 1366 1125 1410 mare
1139 1357 1299 1437 temperat

570 1459 771 1538 Ventosum,
784 1468 817 1522 et
830 1453 945 1539 urbes,
961 1478 1126 1547 regnaque
1140 1457 1265 1543 tristia,

616 1569 802 1659 Divosque,
816 1564 1037 1660 mortalesque
1049 1569 1162 1637 turbas

665 1680 809 1773 imperio
825 1680 909 1774 regit
923 1705 1010 1749 unus
1023 1705 1126 1776 aequo.

568 1932 730 2022 Magnum
745 1926 801 1997 illa
815 1943 975 1998 terrorem
990 1930 1145 2001 intulerat
1158 1935 1231 2001 Jovi

569 2041 689 2111 Fidens
699 2042 856 2134 juventus
870 2043 1006 2113 horrida
1021 2045 1182 2132 brachiis,

616 2158 811 2248 Fratresque
825 2157 996 2226 tendentes
1010 2183 1114 2251 opaco

665 2266 780 2336 Pelion
795 2271 990 2362 imposuisse
1003 2271 1157 2366 Olympo.

570 2519 634 2588 Sed
648 2519 729 2612 quid
742 2520 909 2615 Typhoeus
923 2537 957 2590 et
970 2521 1098 2593 validus
1112 2526 1250 2614 Mimas,

571 2637 637 2703 Aut
652 2634 734 2727 quid
748 2635 870 2705 minaci
885 2638 1093 2732 Porphyrion
1107 2654 1211 2726 statu,

618 2747 711 2836 Quid
725 2747 882 2836 Rhoetus,
895 2750 1081 2845 evulsisque
1094 2755 1220 2824 truncis

666 2860 850 2931 Enceladus
860 2864 1025 2955 jaculator
1037 2865 1162 2949 audax,

571 3105 697 3172 Contra
712 3118 884 3171 sonantem
898 3103 1043 3174 Palladis
1056 3108 1161 3201 aegida

571 3218 708 3285 Possent
721 3216 876 3302 ruentes?
889 3220 976 3287 Hinc
989 3219 1106 3289 avidus
1121 3223 1210 3291 stetit

619 3328 806 3416 Vulcanus3
820 3330 899 3401 hinc
913 3348 1064 3402 matrona
1077 3337 1181 3422 Juno,
1194 3352 1227 3405 et

667 3446 858 3538 Numquam
874 3446 1020 3517 humeris
1034 3451 1202 3541 positurus
1216 3475 1348 3537 areum,

573 3684 641 3772 Qui
658 3709 731 3755 rore
745 3711 829 3780 puro
844 3688 996 3758 Castaliae
1011 3689 1091 3760 lavit

574 3797 692 3867 Crines
706 3797 849 3888 solutos,
862 3804 919 3895 qui
935 3805 1043 3898 Lyciae
1057 3819 1146 3874 tenet

621 3914 765 3981 Dumeta
780 3913 988 4011 natalemque
1002 3916 1136 4003 silvam,

671 4022 787 4094 Delius
800 4042 833 4096 et
847 4032 1003 4110 Patareus
1019 4031 1148 4123 Apollo.
