3325 5342
226 681 250 712 v.
270 671 303 718 a
394 659 752 727 urrsrocnauu
777 659 926 726 claun
951 660 976 726 1.
1004 683 1034 754 7·
1137 687 1203 757 277

225 793 374 885 Dignum
388 788 552 883 praestaho
565 812 618 856 me
630 789 730 857 etiam
744 813 805 883 pro
821 786 918 858 laude
931 790 1095 858 merentis.

227 902 329 992 Quod
342 902 369 971 si
383 925 437 970 mc
449 899 542 969 noles
555 895 695 994 usquam
709 901 893 988 discedere,
908 901 1024 971 reddes

228 1020 326 1085 Forte
339 1013 443 1100 latus,
455 1013 569 1107 nigros
582 1019 722 1107 augusta
736 1012 846 1083 fronte
858 1014 1013 1110 capillos3

229 1127 359 1199 Reddes
373 1126 468 1197 dulce
482 1124 593 1220 loqui;
606 1125 722 1196 reddes
736 1128 843 1196 ridere
857 1129 1031 1214 decorum,
1043 1145 1076 1199 et

230 1245 321 1309 luter
334 1241 411 1308 vina
423 1239 536 1333 fugam
551 1238 682 1308 Cinarae
695 1263 829 1307 maerere
842 1254 1012 1334 protervae.

278 1358 376 1424 Forte
389 1379 449 1448 per
460 1367 636 1448 angustam
650 1353 758 1421 tenuis
772 1354 920 1423 nitedula
934 1357 1051 1424 rimam

232 1472 389 1562 Repserat
404 1469 437 1535 in
451 1491 620 1536 cumeram
634 1465 810 1552 frumeuti,
822 1483 980 1562 pastaque
993 1494 1106 1538 rursus

232 1585 284 1650 Ire
297 1579 384 1649 soras
396 1579 495 1674 pleno
508 1579 666 1649 tendebat
678 1603 817 1673 corpore
830 1580 961 1650 frustra.

233 1694 296 1761 Cui
309 1691 448 1760 mustela
460 1691 596 1786 procul:
611 1692 672 1761 «si
685 1691 753 1777 vis,
766 1691 831 1775 ait,
844 1691 990 1784 effingere
1003 1691 1117 1776 istinc,

233 1809 373 1875 «Macra
384 1829 502 1874 cavum
516 1819 643 1900 repetes
655 1820 801 1890 arctum,
809 1829 909 1897 quem
920 1829 1030 1873 macra
1045 1803 1197 1872 subisti.»

233 1922 305 1987 Hac
317 1943 379 2013 ego
393 1920 419 1986 si
433 1916 615 2012 compellor
629 1917 791 2012 imagine,
804 1931 923 1985 cuncta
938 1917 1087 2009 resign0;
1102 1915 1104 1920 ’

154 2088 157 2092 .
233 2033 303 2101 Nec
315 2054 469 2099 somnum
481 2029 586 2124 plebis
600 2028 718 2114 laudo,
731 2042 823 2097 satur
836 2026 997 2112 altilium,
1010 2052 1070 2096 nec

235 2143 314 2211 Otia
327 2142 450 2211 divitiis
462 2142 609 2212 Arabum
624 2141 793 2210 liberrima
807 2154 910 2208 mutu.

235 2257 326 2348 Saepe
338 2254 561 2323 verecundum
575 2253 733 2340 laudasti3
747 2278 869 2347 rexque
881 2266 1040 2346 paterque

235 2366 364 2435 Audisti
377 2391 507 2452 coram,
520 2391 581 2435 nec
594 2365 842 2459 verbo'parcius
854 2365 988 2450 absens3

236 2479 382 2571 Inspice,
394 2479 421 2548 si
436 2503 570 2572 possum
584 2477 707 2547 donata
719 2503 878 2572 reponere
892 2476 992 2545 laetus.

236 2592 333 2661 Haud
345 2591 431 2661 male
442 2593 675 2680 Telemachus,
687 2593 796 2687 proles
810 2593 964 2687 patieutis
977 2590 1103 2661 Ulixei:

237 2708 338 2778 «Nou
351 2720 401 2774 est
413 2720 509 2799 aptus
522 2707 616 2799 equis
629 2706 741 2775 Ithace
755 2705 866 2792 locus,
880 2720 918 2774 ut
932 2729 1037 2798 neque
1050 2702 1157 2798 planis

238 2820 435 2887 «Porrectus
448 2818 581 2911 spatiis,
593 2843 700 2911 neque
713 2817 825 2887 multae
839 2818 999 2911 prodigus
1011 2815 1138 2900 herhae;

235 2930 393 3016 «Atride,
406 2932 511 3025 magis
525 2946 603 3026 apta
616 2932 677 3000 tihi
692 2947 749 3001 tua
763 2931 851 2999 dona
866 2931 1087 3024 relinquam.»

235 3047 375 3112 Parvum
388 3069 489 3138 parva
502 3044 627 3114 decent.
641 3045 727 3114 Mihi
738 3045 807 3137 jam
821 3071 888 3112 non
905 3045 993 3138 regia
1007 3046 1112 3112 Roma
1121 3045 1134 3128 ,'

236 3156 300 3224 Sed
314 3181 453 3224 vacuum
466 3157 572 3225 Tibur
584 3155 711 3250 placet,
723 3171 781 3225 aut
796 3156 928 3225 imbelle
940 3160 1130 3225 Tarentum.

284 3272 445 3338 Strenuus
457 3284 490 3338 et
504 3269 615 3356 fortis,
628 3271 802 3364 causisque
814 3269 988 3364 Philippus
1001 3267 1137 3362 agendis

238 3380 376 3465 Clarus,
388 3380 430 3448 ab
444 3379 562 3449 officiis
575 3396 724 3450 octavam
740 3382 872 3451 circiter
884 3381 1002 3449 horam

238 3496 328 3561 Dum
343 3493 445 3580 redit,
457 3509 556 3587 atque
569 3498 655 3564 Foro
670 3496 810 3564 nimium
824 3495 946 3563 distare
960 3494 1098 3563 Carinas

238 3610 309 3675 Jam
326 3606 459 3701 grandis
474 3622 554 3675 natu
567 3610 735 3702 queritur,
748 3609 938 3702 conspexit,
951 3622 989 3675 ut
1002 3607 1113 3688 aiunt,

239 3718 399 3787 Adrasum
414 3720 591 3814 quemdam
605 3746 709 3790 vacua
723 3722 868 3792 tonsoris
883 3722 916 3787 iu
931 3719 1067 3802 umbra,

240 3834 383 3904 Cultello
395 3839 547 3932 proprios
560 3853 759 3933 purgantem
773 3838 892 3907 leniter
904 3860 1040 3929 ungues.

239 3977 256 4011 a
265 3951 458 4035 Demetri,»
471 3977 554 4046 puer
565 3951 622 4020 hic
635 3977 703 4020 non
718 3950 796 4020 laeve
806 3952 898 4044 jussa
910 3947 1054 4041 Philippi

240 4061 446 4154 Accipiebat,
459 4092 476 4127 α
485 4064 559 4150 abi,
572 4089 699 4158 quaere,
711 4080 744 4133 et
758 4063 859 4150 refer,
873 4062 961 4131 unde
975 4061 1091 4147 d0m03
1104 4060 1192 4152 quis3
1242 4091 1244 4096 ⁴
