3325 5342
462 682 753 774 CARMINUM
786 681 943 748 LIBER
975 682 1046 748 ΙΙΙ.
1176 707 1234 750 ιιι

503 810 538 879 Si
553 808 628 904 figit
640 809 871 878 adamantinus

406 925 552 995 Summis
566 923 744 992 verticibus
759 922 832 991 dira
845 925 1026 994 Necessitas

504 1036 644 1122 Clavus,
658 1059 725 1103 ιιοιι
739 1035 889 1103 animum
904 1049 1011 1118 metu,

406 1154 482 1221 Non
499 1151 616 1218 mortis
631 1148 756 1241 laqueis
769 1149 923 1241 expedies
936 1162 1043 1241 caput.

503 1264 713 1354 Campestres
727 1257 845 1327 meiius
858 1258 1002 1352 seyme,

406 1376 559 1461 Quorum
574 1370 722 1465 plamtra
735 1394 835 1464 vagas
849 1371 911 1438 rite
923 1370 1061 1438 trahunt
1075 1370 1207 1457 domos,

498 1488 644 1571 Vivunt,
657 1499 690 1553 et
705 1483 805 1577 rigidi
819 1486 930 1570 Getae,

405 1606 578 1670 Immetata
592 1599 714 1693 quibus
724 1598 844 1691 jugera
857 1596 977 1666 liberas

498 1719 624 1807 Fruges
637 1726 671 1780 et
684 1714 840 1780 Cererem
856 1709 983 1797 ferunt3

403 1829 472 1898 Nec
485 1824 616 1895 cultura
630 1823 739 1917 plaeet
753 1821 887 1917 longior
898 1846 1027 1909 annua,

496 1938 769 2030 Defunctumque
784 1935 953 2004 laboribus

403 2050 531 2145 AEquali
547 2065 673 2120 recreat
687 2064 776 2118 sorte
790 2049 940 2117 vicarius.

496 2163 571 2234 lttic
584 2178 692 2232 matre
705 2163 895 2232 carentibus

402 2276 568 2371 Privignis
582 2274 705 2344 mulier
718 2289 882 2368 temperat
895 2276 1072 2362 innoeens3

497 2391 568 2461 Nec
581 2390 695 2459 dotata
710 2390 795 2484 regit
809 2390 918 2457 virum

402 2502 552 2593 Conjux,
566 2527 627 2571 nee
640 2502 748 2570 nitido
762 2501 838 2570 fidit
849 2500 1010 2571 adultero.

497 2618 568 2684 Dos
582 2629 632 2682 est
645 2639 765 2709 magna
779 2615 967 2708 parentium

401 2728 534 2814 Virtus,
547 2741 582 2796 et
595 2741 742 2796 metuens
755 2726 892 2797 alterius
907 2730 970 2795 viri

494 2842 595 2909 Certo
608 2839 730 2909 foedeoe
742 2842 894 2927 matius,

396 2957 438 3023 Et
451 2976 587 3048 pecoere
601 2955 711 3041 nefas,
724 2970 783 3024 aut
796 2956 941 3048 pretium
956 2970 1005 3024 est
1018 2957 1112 3025 mori.

493 3063 540 3136 0!
558 3069 652 3161 quis,
664 3070 740 3161 quis
754 3068 845 3137 volet
859 3069 979 3162 impias

397 3178 527 3263 Caedes,
540 3195 573 3248 et
588 3181 714 3249 rabiem
730 3180 847 3250 tollere
861 3178 1016 3251 civicam!

491 3293 525 3360 si
539 3306 664 3385 qrraeoet
678 3296 776 3361 Pater
790 3294 925 3362 urbium

396 3404 563 3473 Subscribi
578 3407 714 3492 statuis,
727 3405 929 3475 indomitam
944 3406 1063 3476 audeat

493 3516 681 3586 Refrenare
695 3516 882 3605 licentiam,
1041 3567 1046 3576 .

397 3628 516 3699 Clarus
527 3645 604 3724 post
617 3632 758 3725 genitis3
771 3647 953 3726 quatenus,
967 3631 1032 3700 heu
1046 3625 1152 3700 nefas!

492 3743 659 3812 Virtutem
674 3743 875 3813 ineolumem
889 3743 1037 3828 odimus,

395 3853 564 3925 Sublatam
578 3882 620 3925 ex
632 3856 738 3927 oculis
752 3859 948 3952 querimus,
961 3856 1075 3925 invidi.

491 3970 584 4058 Quid
598 3971 709 4040 tristes
723 3972 958 4065 querimoniae,

398 4082 432 4147 Si
449 4108 516 4152 ιιοιι
532 4084 696 4177 supplicio
710 4086 807 4179 culpa
822 4084 1002 4155 reciditur?
