3325 5342
225 655 302 703 ma
393 639 754 711 EPISTOLARUM
778 641 929 709 LIBER
953 643 978 708 1.
1006 640 1037 709 3.
1137 667 1200 738 ²7¹

225 774 438 870 Respondere
452 797 566 867 paras,
580 796 637 840 seu
651 772 768 843 condis
781 771 924 842 amabile
936 796 1088 857 cannen;

225 891 335 959 Prima
350 887 434 957 seres
449 884 579 954 hederae
592 885 737 955 victricis
750 888 894 979 praemia
910 886 1013 976 Quod
1026 887 1053 955 si

226 1002 362 1097 Frigida
375 1024 531 1071 curarum
545 998 692 1068 fomenta
705 999 891 1094 relinquere
904 1026 1034 1094 posses,

227 1117 305 1204 Quo
319 1130 352 1183 te
365 1112 507 1184 coelestis
522 1113 682 1205 sapientia
696 1112 848 1199 duceret,
862 1115 934 1183 ires.

226 1232 299 1298 Hoc
313 1253 415 1322 opus,
428 1227 493 1296 boe
505 1225 653 1296 studium
667 1228 761 1319 parvi
775 1251 990 1321 properemus
1004 1244 1038 1299 et
1050 1228 1170 1323 ampli,

227 1344 261 1412 Si
275 1342 390 1437 patriae
404 1341 574 1427 volumus,
588 1341 616 1408 si
629 1340 726 1409 nobis
740 1342 850 1410 vivere
863 1343 941 1412 cari.

227 1455 336 1524 Debes
350 1454 413 1523 hoe
426 1455 526 1522 etiam
541 1453 739 1537 rescribere,
752 1454 795 1522 sit
808 1454 869 1522 tibi
883 1480 987 1542 curae,

227 1568 369 1656 Quantae
382 1566 574 1652 conveniat,
586 1564 783 1635 Munatius?
795 1567 846 1634 An
860 1564 945 1635 male
961 1581 1048 1635 sarta

226 1680 344 1750 Gratia
357 1679 584 1773 nequidquam
598 1680 682 1765 coit,
695 1693 728 1747 et
744 1678 965 1748 rescinditur?
977 1681 1024 1748 Ac
1038 1705 1096 1748 vos

226 1796 299 1861 Heu
313 1790 439 1861 calidus
453 1793 606 1887 sanguis,
619 1791 685 1861 heu
700 1815 811 1860 rerum
826 1791 956 1860 inscitia
969 1807 1082 1876 vexat,

225 1905 391 1974 Indomita
405 1905 531 1974 cervice
544 1904 654 1974 feros?
667 1904 878 1998 Ubicumque
893 1901 1042 1972 locorum

225 2017 362 2104 Vivitis,
376 2017 505 2110 indigni
521 2016 705 2087 smtemum
720 2041 874 2111 rumpere
886 2016 1010 2101 foedus,

225 2131 373 2201 Pascitur
386 2131 419 2199 in
434 2145 578 2200 vestrum
595 2131 738 2200 reditum
751 2133 863 2200 votiva
873 2131 1024 2224 juvenca.

224 2381 1206 2404 mmmmmsuwmm

486 2576 813 2665 EPISTOLA
857 2578 940 2664 IV.

439 2832 500 2887 an
526 2832 709 2888 anetum
736 2831 991 2890 rrnutnnn.

223 3044 327 3127 dnm,
341 3057 531 3110 nostrorum
543 3066 736 3110 sermonum
750 3040 892 3110 candide
901 3043 1021 3136 judex,

224 3154 317 3243 Quid
331 3178 420 3223 nunc
434 3169 467 3223 te
480 3154 589 3224 dicam
604 3154 712 3224 facere
726 3155 760 3222 in
776 3155 912 3250 regione
925 3156 1080 3225 Pedana?

223 3267 374 3336 Scribere
387 3267 478 3360 quod
492 3269 584 3337 Cassi
598 3269 786 3338 Parmensis
799 3269 960 3363 opuscula
974 3270 1107 3339 vincat?

222 3381 274 3448 An
289 3380 426 3447 tacitum
440 3378 537 3448 silvas
551 3379 637 3448 inter
651 3394 782 3475 reptare
795 3380 962 3467 salubres,

223 3495 406 3562 Curantem
421 3491 585 3586 quidquid
599 3492 739 3588 dignum
753 3496 901 3589 sapiente
914 3495 1070 3589 bonoque
1083 3493 1155 3563 est?

221 3607 300 3677 Non
314 3620 351 3673 tu
365 3630 486 3700 corpus
499 3631 574 3675 eras
586 3606 657 3676 sine
671 3623 813 3702 pectore.
827 3610 873 3677 Di
888 3610 949 3678 tibi
963 3607 1123 3693 formam,
1174 3667 1176 3676 ,

222 3719 267 3787 Di
282 3719 342 3787 tibi
359 3718 491 3789 divitias
505 3720 687 3808 dederunt,
700 3737 872 3817 artemque
887 3722 1028 3791 fruendi.

223 3832 314 3920 Quid
329 3850 445 3903 voveat
458 3833 549 3904 dulci
564 3835 731 3905 nutricula
745 3837 853 3930 majus
866 3835 1021 3921 alumne,

222 3946 289 4034 Qui
304 3971 417 4041 sapere
430 3964 464 4018 et
479 3949 541 4019 fari
555 3952 660 4044 possit
674 3977 747 4046 quae
761 3951 898 4039 sentiat,
909 3966 945 4048 et
958 3951 1012 4020 cui

221 4060 356 4148 Gratia,
370 4060 477 4148 sama,
490 4062 647 4134 valetudo
661 4066 836 4160 contingat
849 4063 999 4150 abunde,
