3325 5342
453 664 538 764 ass,
679 664 720 749 Q.
751 661 974 729 uoulru
1004 662 1199 729 resecr

704 1100 1029 1190 EPISTOLA
1071 1103 1178 1189 XV.

644 1355 705 1410 AD
731 1356 762 1410 C.
790 1353 1052 1410 NUMONIUM
1076 1355 1244 1410 VALAM.

456 1584 544 1669 Qurc
557 1579 599 1647 sit
611 1577 716 1648 hiems
729 1575 849 1663 Veliae,
862 1575 951 1669 quod
964 1574 1100 1662 coelum,
1112 1575 1213 1663 Volo,
1226 1577 1373 1664 Salerni,

457 1696 611 1781 Quorum
619 1691 793 1760 hominum
803 1690 949 1783 regio,et
957 1688 1063 1782 qualis
1071 1689 1238 1762 viatuam
1247 1693 1330 1760 mihi
1340 1695 1434 1761 Baias

456 1808 554 1874 Musa
567 1827 783 1896 supervacuos
795 1802 977 1888 Antonius,
989 1816 1022 1870 et
1036 1817 1144 1871 tomen
1160 1802 1225 1872 illis

456 1919 514 1987 Me
526 1916 604 1986 facit
617 1916 779 1999 invisum,
792 1914 901 2010 gelida
913 1940 1017 2009 quum
1030 1915 1165 2009 perluor
1177 1918 1267 1986 unda

457 2031 520 2098 Per
531 2027 678 2096 medium
691 2027 805 2122 frigus.
820 2031 906 2098 Sane
919 2042 1061 2097 murteta
1075 2028 1235 2123 relinqui,

458 2142 623 2234 Dictoque
634 2156 815 2211 cessantem
830 2143 939 2211 nervis
951 2142 1073 2211 elidere
1085 2142 1240 2211 morbum

450 2254 590 2326 ›Sullirra
602 2256 788 2342 contemni,
801 2257 893 2324 vicus
906 2258 1026 2350 gemit,
1039 2257 1170 2325 invidus
1182 2258 1295 2350 aegriS,

434 2451 439 2458 ⁸
458 2370 527 2458 Qui
540 2384 684 2463 caputet
697 2370 903 2438 stomachum
917 2394 1102 2464 supponere
1115 2370 1264 2439 fontibus
1277 2371 1401 2439 audent

458 2480 620 2566 Clusinis,
632 2482 823 2575 Gabiosque
836 2496 971 2576 petunt,
983 2497 1017 2551 et
1029 2482 1150 2576 frigida
1165 2507 1251 2551 rura.

458 2596 639 2664 Mutandus
654 2595 749 2666 locus'
758 2611 823 2682 est,
836 2611 869 2664 et
882 2596 1069 2665 deversoria
1082 2611 1161 2664 noto

458 2711 727 2805 Proeteragendus
740 2736 845 2805 equus
855 2738 863 2780 ε
873 2741 890 2775 «
899 2713 976 2801 Quo
990 2711 1205 2781 tendislNou
1220 2711 1302 2779 mihi
1316 2715 1441 2781 Cumas

459 2826 544 2893 «Est
556 2825 634 2910 iter,
646 2839 705 2893 out
717 2825 811 2894 Baias
819 2877 829 2912 ,
838 2854 856 2889 n
870 2824 950 2893 heva
963 2825 1188 2894 stomachosus
1201 2825 1328 2892 habena

458 2939 557 3006 Dicet
568 2962 685 3031 eques3
698 2937 755 3006 sed
767 2939 844 3031 equi
859 2939 996 3007 fraenato
1008 2952 1058 3007 est
1070 2938 1160 3007 auris
1173 2939 1207 3005 in
1221 2961 1287 3006 ore.

458 3049 569 3141 Major
582 3063 694 3118 utrum
708 3048 871 3143 populum
885 3049 1043 3119 frumenti
1056 3051 1153 3143 copia
1167 3048 1300 3143 poscat?

459 3161 665 3232 Collectosne
678 3163 795 3231 bibant
809 3164 949 3249 imbres,
963 3179 1122 3257 puteosne
1136 3187 1295 3256 perennes

458 3276 552 3369 Jugis
564 3275 679 3369 uquae?
690 3279 778 3348 Nam
791 3277 868 3345 vino
882 3275 966 3344 nihil
981 3301 1094 3345 moror
1108 3274 1197 3345 illius
1210 3301 1285 3345 orae.

458 3389 549 3456 Rure
562 3412 636 3458 meo
648 3413 783 3482 possum
796 3388 928 3482 quidvis
941 3389 1087 3483 perferre
1100 3390 1251 3483 patiquc3

458 3500 513 3569 Ad
526 3525 616 3571 mare
629 3527 733 3596 quum
747 3503 840 3589 veni,
855 3527 1051 3596 generosum
1064 3517 1097 3572 et
1111 3502 1183 3572 lene
1196 3502 1346 3595 requiro,

460 3613 561 3700 Quod
574 3639 669 3684 curas
682 3616 813 3709 abigat,
826 3615 918 3708 quod
931 3641 1007 3685 cum
1020 3641 1078 3710 spe
1090 3616 1191 3684 divite
1204 3627 1315 3683 manet

459 3726 499 3793 Iu
514 3752 613 3796 venas
625 3729 840 3823 animumque
853 3755 983 3816 meum,
995 3729 1086 3822 quod
1098 3728 1198 3797 verba
1210 3728 1394 3808 ministret,

460 3837 561 3925 Quod
575 3863 627 3907 me
640 3843 783 3910 Lucauae
793 3842 950 3934 juvenem
964 3840 1172 3911 commendet
1184 3839 1305 3907 amicae.

460 3949 597 4017 Tractus
610 3964 684 4019 uter
696 3949 808 4044 plures
821 3952 967 4047 lepores,
979 3967 1054 4022 uter
1066 3951 1183 4022 educet
1195 3948 1316 4043 apros?

460 4060 544 4126 Utro
558 4062 663 4151 magis
676 4063 781 4153 pisces
794 4078 827 4132 et
840 4065 976 4134 echinos
989 4089 1121 4158 aequora
1135 4060 1259 4144 celent,
