3325 5342
466 599 531 691 ¹94
688 592 730 680 Q.
762 589 988 659 nonnrtt
1021 589 1217 658 runaut
1355 612 1379 643 v.
1400 612 1450 661 ως

459 730 554 815 Quos
567 746 718 792 venerem
733 722 894 789 incertam
910 718 1091 810 rapientes,
1109 742 1202 786 more
1216 718 1379 812 ferarum,

458 840 596 909 Viribus
609 837 730 906 editior
743 832 906 914 caedebat,
920 844 958 898 ut
972 832 1006 897 in
1022 856 1123 925 grege
1136 846 1261 903 taurus.

457 956 539 1021 lura
552 952 686 1018 inventa
699 959 790 1014 metu
805 943 922 1036 injusti
937 942 1059 1011 fateare
1072 968 1205 1014 necesse
1217 963 1284 1033 est,

457 1068 622 1156 Tempora
635 1061 662 1130 si
676 1059 844 1151 fastosque
858 1055 941 1125 velis
954 1056 1105 1125 evolvere
1118 1059 1245 1127 mundi.

457 1180 527 1245 Nec
540 1188 658 1242 natura
672 1185 781 1265 potest
791 1171 883 1263 justo
897 1192 1067 1237 secernere
1081 1170 1252 1263 iniquum,

456 1288 586 1359 Dividit
600 1301 638 1355 ut
650 1287 740 1354 bona
752 1284 910 1368 diversis,
925 1282 1083 1376 fugienda
1097 1284 1255 1376 petendis.

456 1405 525 1472 Nec
537 1401 646 1468 vinoet
660 1398 746 1466 ratio
761 1398 842 1481 hoc,
856 1394 1066 1465 tantumdem
1082 1409 1117 1462 ut
1132 1412 1244 1488 peoeet
1258 1398 1411 1493 idemque

456 1514 524 1603 Qui
539 1528 670 1581 teneros
683 1508 794 1578 caules
808 1508 909 1576 alieni
923 1507 1060 1601 fregerit
1074 1507 1180 1594 horti,

455 1630 498 1696 Et
510 1626 567 1720 qui
581 1639 765 1693 nocturnus
780 1646 872 1691 sacra
885 1621 1010 1689 Divum
1026 1618 1150 1715 legerit.
1165 1621 1261 1691 Adsit

455 1738 600 1833 Regula,
614 1738 755 1832 peccatis
768 1760 842 1828 quae
855 1759 970 1827 poenas
985 1736 1110 1828 irroget
1123 1759 1249 1828 aequas3

454 1854 505 1923 Ne
520 1851 639 1919 scutita
653 1849 794 1942 dignum
807 1845 962 1914 horribili
977 1861 1099 1916 sectere
1113 1846 1254 1941 flagello.

454 1969 559 2050 Nam,
571 1978 609 2030 ut
623 1961 728 2031 ferula
741 1960 847 2030 caedas
860 1962 1017 2029 meritum
1032 1962 1159 2054 majora
1171 1963 1282 2031 subire

453 2077 618 2160 Verbera,
632 2100 700 2143 non
713 2098 847 2160 remor,
859 2098 963 2168 quum
978 2074 1068 2143 dions
1081 2098 1151 2143 esse
1165 2099 1261 2167 parea
1274 2101 1325 2144 res

453 2194 556 2258 Furta
569 2188 771 2273 latrociniis,
783 2202 817 2256 et
829 2188 960 2281 magnis
975 2212 1077 2280 parva
1090 2188 1226 2256 mineris

453 2301 551 2372 Falce
564 2302 746 2370 recisurum
762 2300 863 2369 simili
877 2315 928 2386 te,
942 2300 971 2369 si
985 2301 1046 2369 tibi
1062 2325 1201 2395 regnum

452 2416 650 2486 Permittant
662 2415 824 2484 homines.
839 2416 874 2485 Si
890 2414 999 2501 dives,
1012 2417 1070 2509 qui
1085 2415 1214 2509 sapiens
1228 2429 1295 2501 est,

452 2535 495 2601 Et
507 2543 601 2599 sutor
614 2531 739 2616 bonus,
752 2543 786 2599 et
798 2528 888 2598 solus
902 2529 1085 2615 formosus,
1097 2545 1130 2598 et
1143 2545 1193 2598 est
1206 2555 1279 2615 rex,

452 2648 523 2714 Cur
531 2658 625 2738 optas
635 2642 726 2737 quod
735 2643 909 2713 lrabesl-
915 2646 992 2714 Non
1003 2645 1091 2714 nosti
1100 2645 1182 2738 quid
1192 2658 1295 2737 pater,
1303 2646 1425 2738 inquit,

452 2757 658 2850 Chrysippus
672 2755 777 2826 dicat:
793 2758 931 2851 Sapiens
944 2757 1096 2851 crepidas
1109 2758 1171 2826 sibi
1186 2782 1368 2851 numquam

452 2873 521 2940 Nec
535 2869 640 2939 soleas
655 2870 748 2955 fecit3
762 2887 856 2939 sutor
870 2886 980 2940 tamen
995 2886 1044 2939 est
1058 2873 1196 2966 sapiens.
1207 2914 1256 2925 -
1265 2873 1423 2962 Quoi-

451 2985 515 3068 Ut,
529 2982 680 3076 quamvis
694 2997 780 3052 tacet
793 2988 1038 3078 Hermogenes,
1051 2999 1168 3052 cantor
1182 3000 1292 3054 tamen
1306 3000 1407 3078 atque

450 3096 607 3189 Optimus
620 3110 669 3164 est
683 3096 891 3184 modulator3
905 3112 943 3166 ut
957 3097 1097 3167 Alfenus
1110 3097 1218 3184 vafer,
1231 3100 1323 3167 omni

451 3208 589 3302 Abjecto
604 3210 825 3280 instrumento
840 3213 939 3296 artis,
953 3206 1130 3305 clausaque
1143 3211 1296 3298 taberna,

449 3325 550 3390 Sutor
562 3339 650 3411 erat;
663 3326 793 3418 sapiens
806 3325 916 3418 operis
932 3326 978 3395 sic
993 3327 1138 3419 optimus
1152 3327 1260 3394 omnis

449 3438 507 3503 Est
521 3437 631 3530 opifex
646 3438 754 3525 solus,
767 3440 815 3507 sic
829 3464 895 3507 rex.
910 3481 959 3490 -
973 3437 1112 3507 Vellunt
1127 3439 1187 3507 tibi
1201 3439 1338 3508 barbam

360 3616 369 3629 ,
449 3550 578 3617 Lascivi
593 3553 704 3644 pueri,
718 3577 801 3647 quos
815 3567 854 3622 tu
868 3555 933 3621 nisi
948 3553 1034 3622 fuste
1048 3576 1195 3640 coerces,

450 3665 586 3756 Urgeris
600 3667 698 3734 turba
711 3667 836 3736 circum
852 3683 885 3736 te
898 3681 1023 3753 stante,
1036 3667 1202 3760 miserque

449 3777 642 3869 Rumperis,
655 3795 688 3848 et
702 3779 819 3867 latras,
833 3805 1032 3876 magnorum
1046 3781 1189 3850 maxime
1203 3804 1326 3873 regum.

446 3890 498 3956 Ne
512 3886 649 3983 longum
664 3893 801 3979 faciam,
815 3894 895 3963 dum
911 3909 948 3963 tu
962 3892 1147 3988 quadrante
1161 3894 1304 3962 lavatum

447 4003 518 4070 Rex
532 4002 612 4089 ibis,
626 4029 733 4097 neque
744 4021 778 4074 te
792 4008 968 4101 qnisquam
981 4006 1138 4099 stipator,
1152 4006 1302 4099 ineptum
