3325 5342
253 689 329 738 ΜΒ
444 687 750 754 SATIRARUM
780 688 938 755 LIBER
970 690 994 754 1.
1029 688 1059 755 8.
1153 716 1222 760 nrt

251 821 385 886 Fecerat
398 814 580 883 horrendas
593 814 759 908 adspectu.
774 814 925 908 Scalpere
940 831 1060 886 terram

251 930 447 1024 Unguibus,
459 942 494 996 et
506 926 631 1020 pullam
646 926 801 997 divellere
815 928 982 997 mordicus
995 955 1115 1025 agnam

252 1045 450 1137 Coeperunt3
463 1066 562 1110 cruor
576 1041 609 1108 in
624 1039 744 1109 fossam
759 1041 933 1127 confusus,
946 1058 983 1111 ut
998 1044 1074 1114 inde

252 1159 369 1225 Manes
382 1155 554 1241 elicerent,
567 1155 694 1222 animas
708 1179 865 1248 responsa
879 1155 1021 1226 daturas.

252 1273 366 1340 Lanea
379 1283 412 1339 et
424 1268 552 1363 effigies
566 1281 653 1354 erat,
666 1267 769 1337 altera
782 1293 893 1353 cerea3
907 1272 1014 1363 major
1068 1312 1071 1321 ·

254 1382 382 1467 lanea,
396 1405 469 1474 quae
481 1382 589 1474 poenis
603 1396 823 1475 compesceret
837 1381 1036 1454 inferiorem.

255 1499 357 1565 Cerea
371 1493 566 1589 suppliciter
578 1494 703 1582 stabat,
717 1494 907 1581 servilibus,
918 1510 955 1564 ut
969 1521 1041 1589 quoe

254 1613 326 1678 Jarn
340 1607 505 1700 peritura,
518 1607 637 1677 modis
652 1611 797 1678 Hecaten
812 1623 907 1677 vocat
920 1608 1022 1678 altera
1038 1635 1171 1696 saevam,

255 1721 368 1792 Altera
379 1721 601 1814 Tisiphonen3
615 1736 781 1815 serpentes
793 1736 893 1814 atque
906 1722 1033 1793 videres

255 1835 403 1904 Infernas
414 1859 526 1905 errare
539 1858 655 1922 canes,
669 1833 849 1927 lunamque
863 1835 1052 1924 rubentem,

254 1950 305 2019 Ne
319 1947 403 2018 foret
417 1947 470 2018 his
483 1949 593 2034 testis,
607 1962 683 2042 post
695 1970 817 2043 magna
832 1948 932 2017 latere
946 1949 1104 2044 scpulcra.

254 2062 402 2131 Mentior
414 2078 449 2131 at
462 2065 490 2132 si
503 2063 603 2157 quid,
617 2061 739 2132 merdis
753 2077 853 2154 caput
868 2063 1023 2155 inquiner
1036 2062 1119 2133 albis

255 2175 458 2261 Corvorurn,
471 2189 569 2269 atque
583 2176 617 2243 in
631 2199 685 2243 me
698 2175 809 2243 veniat
822 2175 959 2242 mictum
974 2189 1073 2268 atque
1086 2192 1232 2245 cacatum

254 2285 361 2356 Julius
375 2300 408 2355 et
421 2285 548 2381 fragilis
562 2287 726 2374 Pediatia,
740 2286 860 2380 furque
872 2291 1035 2356 Vorenus.

255 2397 392 2492 Singula
405 2398 488 2492 quid
502 2398 707 2469 memorem?
720 2401 799 2488 Quo
813 2414 911 2493 pacto
924 2399 1051 2468 alterna
1065 2399 1234 2493 loquentes

255 2512 390 2582 Umbrae
403 2537 479 2581 oum
492 2515 622 2608 Sagana
637 2528 828 2582 resonarent
841 2514 935 2582 triste
948 2527 981 2581 et
994 2513 1150 2582 acutum?

256 2627 367 2718 thue
381 2622 449 2719 lupi
464 2625 603 2693 barbam
617 2626 715 2695 variae
729 2646 806 2694 cum
821 2625 919 2695 dente
932 2623 1076 2694 colubra

257 2736 456 2807 Abdiderint
469 2737 586 2807 furtim
600 2738 716 2826 terris;
729 2753 762 2807 et
776 2740 921 2833 imagine
933 2762 1027 2808 cerea

256 2853 398 2945 Largior
410 2852 528 2921 arserit
543 2851 694 2946 ignis3et
708 2867 826 2922 utnon
842 2855 933 2923 testis
948 2851 1072 2921 inultus

256 2966 450 3035 Horruerim
464 2990 560 3036 voces
571 2967 749 3037 Furiarum
762 2983 796 3035 et
809 2966 896 3036 lacta
910 2966 1074 3036 duarum?

256 3081 361 3164 Nam,
374 3078 519 3172 displosa
531 3093 629 3150 sonat
641 3096 803 3174 quantum
818 3082 942 3166 vesica,
955 3080 1072 3175 pepedi

258 3188 394 3259 Diffissa
409 3205 485 3260 nate
498 3190 598 3279 ficus3
610 3207 645 3261 at
658 3191 722 3262 illae
736 3218 870 3262 currere
884 3195 918 3261 in
932 3193 1058 3263 urbem.

259 3303 407 3373 Canidiae
421 3303 550 3391 dentes,
563 3304 667 3375 altum
680 3310 817 3402 Saganae
831 3306 1035 3378 caliendrum

259 3415 435 3503 Excidere,
448 3433 547 3511 atque
559 3417 695 3506 herbas,
708 3435 808 3516 atque
822 3423 988 3490 incantata
1002 3419 1130 3488 lacertis

260 3530 419 3617 Vincula,
432 3557 507 3601 cum
522 3556 644 3627 magno
658 3535 792 3630 risuque
803 3537 944 3628 jocoque
958 3534 1093 3602 videres.
