3325 5342
501 669 569 740 336
726 669 768 756 Q.
800 668 1025 736 nouaru
1057 669 1253 739 reieci
1388 691 1413 723 ι.
1434 684 1491 733 tto

499 802 554 870 Bis
568 816 682 893 terque
695 813 867 892 expertum
882 796 1026 866 fmstra?
1040 795 1149 867 delere
1158 798 1312 891 jubebat,

499 919 541 985 Et
554 912 641 983 male
654 927 803 981 tornatos
818 909 931 979 incudi
946 908 1082 979 reddere
1095 934 1217 980 versus.

500 1030 535 1097 Si
551 1024 725 1095 defendere
739 1024 915 1110 delictum,
928 1048 1029 1117 quam
1043 1038 1186 1108 vertere,
1199 1023 1332 1110 malles,

501 1138 639 1211 Nullum
654 1136 741 1206 ultra
755 1137 912 1222 verbum,
924 1151 983 1203 aut
999 1160 1133 1229 operam
1149 1138 1300 1206 sumebat
1314 1139 1472 1222 inanem,

502 1252 594 1339 Quin
608 1251 679 1319 sine
694 1248 787 1317 rivali
803 1263 900 1342 teque
913 1262 946 1315 et
960 1261 1017 1316 tua
1032 1246 1121 1317 solus
1134 1272 1272 1317 amares.

502 1364 566 1432 Vir
579 1364 687 1432 bonus
700 1377 735 1431 et
747 1361 892 1456 prudens
907 1385 1020 1429 versus
1035 1360 1252 1454 reprehendet
1266 1363 1405 1448 inertes,

504 1475 662 1571 Culpabit
675 1474 795 1560 duros,
808 1475 984 1567 incomptis
997 1471 1112 1542 allinet
1125 1488 1235 1542 atmm

503 1595 703 1660 Transverso
716 1587 845 1657 calamo
859 1589 1009 1683 signum,
1022 1587 1197 1656 ambitiosa
1212 1590 1332 1657 recidet

503 1707 726 1787 Omameuta,
739 1725 856 1794 parum
870 1698 968 1769 claris
983 1698 1089 1769 lucem
1103 1700 1181 1769 dare
1195 1717 1306 1796 coget,

503 1820 632 1911 Arguat
643 1815 799 1909 ambigue
813 1816 959 1900 dictum,
972 1815 1131 1884 mutanda
1145 1817 1288 1903 notabit,

504 1931 576 1998 Fiet
588 1927 814 2012 Aristarchus;
828 1952 897 1996 non
912 1926 1017 1997 dicet:
1031 1931 1129 1997 «Cur
1142 1953 1205 2022 ego
1218 1929 1360 1997 amicum

503 2071 520 2105 (ι
530 2040 708 2111 Offendam
723 2039 757 2108 in
772 2039 918 2133 nugat»
931 2043 991 2109 11ae
1005 2065 1101 2136 nugae
1114 2041 1199 2109 seria
1213 2040 1333 2110 ducent

504 2156 544 2222 ln
558 2151 645 2220 mala
659 2150 805 2220 derisum
819 2151 919 2220 semel
933 2165 1171 2246 exceptumque
1185 2154 1324 2222 sinistre.

504 2269 551 2335 Ut
565 2263 652 2334 mala
665 2283 764 2358 quem
778 2265 903 2334 scabies
916 2279 974 2334 aut
987 2265 1123 2334 morbus
1139 2266 1247 2360 regias
1261 2282 1373 2362 urget,

505 2383 572 2448 Aut
586 2377 748 2447 fanaticus
762 2402 856 2447 error
869 2393 902 2446 et
916 2378 1076 2447 iracunda
1089 2379 1216 2465 Diaua;

504 2497 672 2563 Vesauum
686 2493 833 2587 tetigisse
846 2493 964 2561 timent
978 2492 1175 2586 fugiuntque
1188 2508 1336 2586 poetam,

504 2607 573 2695 Qui
588 2606 739 2700 sapiunt3
752 2607 881 2699 agitant
894 2607 1006 2699 pueri,
1020 2607 1209 2700 incautique
1222 2623 1416 2700 sequuntur.

504 2719 585 2806 Hic,
599 2719 678 2787 dum
692 2716 844 2787 sublimis
857 2742 970 2787 versus
985 2733 1133 2788 ructatur
1146 2734 1179 2788 et
1191 2734 1296 2805 errat,

503 2833 538 2902 Si
553 2830 654 2901 veluti
669 2830 806 2900 merulis
820 2832 967 2900 intentus
981 2831 1103 2900 decidit
1116 2857 1236 2926 auceps

505 2948 543 3014 In
558 2959 695 3038 puteum
711 2945 897 3030 foveamve,
910 2941 1003 3033 licet,
1018 2973 1036 3008 α
1045 2946 1249 3031 Succurrite,
1259 2976 1276 3010 i>
1290 2945 1428 3040 longum

505 3057 650 3145 Clamet,
663 3061 727 3128 «Io
740 3059 843 3127 cives!
855 3088 872 3124 r
886 3084 954 3128 non
969 3059 1029 3145 sit,
1041 3060 1099 3152 qui
1113 3057 1229 3127 tollere
1242 3076 1342 3129 curet

504 3172 538 3241 Si
553 3187 646 3242 curet
659 3172 734 3267 quis
746 3196 844 3266 opem
858 3172 961 3260 ferre,
973 3189 1006 3242 et
1020 3172 1192 3242 demittere
1206 3173 1337 3260 struem,

503 3312 521 3348 a
530 3285 599 3373 Qui
612 3285 693 3371 scis,
706 3309 748 3353 an
763 3285 910 3379 prudens
923 3285 988 3356 huc
1002 3310 1036 3355 se
1049 3286 1243 3379 projecerit,
1255 3303 1355 3381 atque

504 3400 661 3468 «Servari
676 3398 809 3469 nolitia
823 3400 950 3486 dicam,
962 3399 1130 3495 Siculique
1143 3416 1247 3494 poetae

504 3513 655 3582 Narrabo
670 3514 859 3583 interitum:
874 3517 966 3583 Deus
980 3513 1178 3584 immortalis
1192 3515 1305 3584 haberi

504 3630 595 3696 Dum
609 3627 702 3721 cupit
715 3626 947 3722 Empedocles,
959 3626 1129 3698 ardentem
1143 3627 1284 3723 frigidus
1297 3631 1429 3698 AEtnam

504 3738 646 3809 Insiluit
660 3741 711 3810 Sit
720 3742 777 3835 jus
791 3740 952 3837 liceatque
965 3742 1075 3838 perire
1087 3742 1202 3835 poetis.

442 3865 466 3920 0
504 3855 648 3923 lnvitum
663 3856 721 3950 qui
735 3871 861 3943 servat,
874 3856 961 3925 idem
975 3855 1053 3925 lacit
1066 3855 1239 3925 occidenti.

504 3967 573 4034 Nec
587 3966 685 4035 semel
700 3968 764 4038 hoc
778 3968 871 4055 fecit3
885 3992 964 4053 nec,
977 3970 1005 4036 si
1019 3981 1179 4038 retractus
1193 3967 1273 4050 erit,
1283 3968 1350 4058 jam

504 4078 575 4147 Fiet
588 4079 706 4167 homo,
719 4096 752 4150 et
764 4097 865 4175 ponet
879 4083 1011 4152 famosae
1025 4084 1141 4152 mortis
1155 4105 1309 4151 amorem.
