3325 5342
445 708 515 799 294
670 703 712 789 Q.
746 696 972 766 HORATlI
1004 694 1201 762 FLACCI
1349 706 1428 752 ms

443 837 638 903 Tentantem
652 829 796 921 majora,
809 824 878 892 fere
891 821 1109 916 praesentibus
1121 848 1262 916 aequum.

442 950 587 1030 Contra,
600 965 698 1036 quem
713 936 838 1032 duplici
852 960 965 1030 panno
978 935 1140 1028 patientia
1154 934 1256 1022 velat,

442 1058 592 1128 Mirabor
604 1057 679 1124 vitae
691 1054 749 1149 via
758 1052 784 1121 si
799 1074 957 1120 conversa
970 1048 1106 1117 decebit

442 1171 534 1241 Alter
546 1192 751 1264 purpureum
766 1190 833 1234 nou
847 1162 1049 1256 exspectabit
1063 1162 1239 1246 amictum,

441 1281 616 1373 Quidlibet
629 1279 764 1349 indutus
776 1277 990 1347 celeberrima
1002 1300 1062 1369 per
1075 1274 1147 1344 loca
1161 1274 1273 1361 vadet,

441 1401 689 1488 Personamque
703 1394 786 1462 feret
799 1416 866 1460 non
881 1390 1100 1458 inconcinnus
1114 1404 1297 1481 utramque.

442 1509 536 1579 Alter
548 1508 656 1577 Mileti
671 1521 792 1576 textam
807 1529 888 1573 cane
902 1504 996 1597 pejus
1009 1517 1043 1570 et
1054 1503 1155 1595 angui

440 1622 573 1693 Vitabit
585 1619 808 1712 chlamydem3
823 1617 984 1685 morietur
997 1614 1138 1709 frigore,
1150 1615 1177 1682 si
1191 1638 1259 1682 non

441 1733 620 1803 Rettuleris
634 1756 791 1825 pannum.
807 1729 924 1814 Refer,
935 1742 969 1797 et
983 1727 1053 1796 sine
1066 1727 1155 1795 vivat
1169 1726 1308 1819 ineptus.

488 1850 553 1915 Res
566 1869 697 1939 gerere,
708 1858 741 1912 et
753 1857 868 1936 captos
881 1840 1055 1911 ostendere
1068 1840 1196 1908 civibus
1210 1840 1338 1921 hostes,

441 1951 586 2051 attingit
598 1954 718 2025 solium
730 1956 839 2040 lovis,
852 1970 885 2023 et
898 1953 1041 2023 coelestia
1054 1967 1176 2038 tentst3

440 2072 650 2165 Principibus
663 2070 825 2165 placuisse
838 2071 919 2139 viris
933 2095 1001 2139 non
1014 2068 1133 2139 ultima
1147 2068 1219 2137 laus
1232 2082 1290 2137 est

439 2187 515 2255 Non
530 2185 634 2253 cuivis
648 2183 777 2252 bomini
790 2184 957 2277 contingit
970 2183 1062 2252 adire
1076 2183 1285 2252 Corinthum.

438 2296 547 2383 Sedit,
561 2297 618 2390 qui
632 2297 763 2382 timuit,
776 2322 817 2366 ne
830 2322 898 2365 non
913 2295 1119 2382 succederet,
1132 2310 1212 2365 esto.

439 2407 551 2495 Quid,
564 2409 622 2502 qui
635 2409 802 2502 pervenit,
815 2410 935 2478 fecitne
948 2408 1110 2477 viriiiter?
1123 2410 1223 2501 Atqui

438 2521 501 2590 Hic
509 2533 640 2608 est,aut
648 2521 926 2616 nusquam,quod
936 2521 1124 2615 quaerimus.
1133 2522 1287 2590 Hieonus
1293 2521 1426 2602 horret,

438 2637 487 2705 Ut
499 2635 611 2728 parvis
624 2635 743 2704 animis
755 2650 789 2704 et
801 2661 905 2729 parvo
918 2659 1057 2728 oorpore
1070 2635 1194 2728 majus3

437 2747 501 2816 Hic
514 2748 604 2817 subit
615 2763 648 2817 et
661 2750 794 2843 perfert.
810 2753 880 2819 Aut
892 2750 997 2818 virtus
1011 2774 1131 2818 nomen
1148 2749 1246 2816 inane
1259 2762 1326 2832 est,

437 2861 504 2928 Aut
517 2859 616 2929 decus
630 2875 663 2929 et
675 2862 818 2954 pretium
834 2876 921 2930 recte
933 2861 1018 2954 petit
1029 2861 1199 2955 experiens
1212 2860 1271 2927 vir.

437 2974 559 3040 Coram
573 2997 649 3066 rege
663 2998 723 3041 suo
737 2972 778 3041 de
791 2988 986 3066 paupertate
999 2987 1144 3041 tacentes

436 3082 515 3152 Plus
529 3100 684 3179 poscente
698 3086 813 3154 ferent
829 3086 960 3171 Distat,
974 3109 1127 3154 sumasne
1140 3083 1321 3178 pudenter,

435 3197 487 3264 Au
503 3199 630 3291 rapias3
643 3199 734 3293 atqui
750 3224 861 3268 rerum
876 3215 977 3293 caput
989 3201 1054 3269 hoc
1066 3214 1155 3284 erat,
1167 3199 1222 3267 hic
1236 3197 1319 3266 fons.

438 3337 455 3371 «
464 3310 616 3380 Indotata
632 3313 713 3381 mihi
727 3337 822 3382 soror
835 3327 901 3398 est,
915 3313 1117 3407 paupercula
1130 3327 1251 3397 mater,

435 3449 452 3484 n
461 3425 504 3490 Et
517 3422 641 3494 lirndus
654 3451 715 3495 nec
727 3424 922 3513 vendibilis,
935 3451 996 3496 nec
1009 3452 1142 3522 pascere
1156 3426 1291 3512 finnus,
1300 3455 1318 3489 ι)

436 3535 505 3622 Qui
519 3533 615 3624 dicit,
629 3535 765 3608 elamat:
779 3568 797 3603 a
806 3540 942 3608 Victum
958 3540 1042 3610 date.
1052 3570 1071 3605 n
1083 3540 1231 3610 succinit
1245 3537 1346 3607 alter:

435 3648 503 3713 «Et
514 3646 597 3714 mihi
611 3647 747 3719 dividuo
761 3650 908 3720 findetur
921 3677 1058 3721 munere
1073 3651 1238 3746 quadra.»

434 3755 498 3824 Sed
511 3758 630 3828 tacitus
643 3763 733 3853 pasci
747 3763 774 3831 si
789 3778 899 3857 posset
913 3788 1050 3850 oorvus,
1062 3765 1200 3833 haberet

434 3863 513 3933 Plus
526 3867 637 3961 dapis,
650 3887 683 3940 et
697 3874 775 3941 rixae
789 3874 896 3944 multo
910 3877 1022 3945 minus
1036 3876 1242 3969 invidiaeque.

434 3980 658 4051 andusiurn
672 4010 782 4055 eomes
794 4004 853 4057 aut
865 3992 1063 4060 Surrentum
1077 3990 1199 4059 ductus
1212 4013 1402 4072 amoenum,

435 4089 503 4178 Qui
517 4093 667 4185 queritur
680 4096 842 4186 salebras,
855 4115 888 4169 et
901 4105 1057 4172 acerbum
1071 4103 1195 4196 frigus,
1208 4116 1242 4171 et
1256 4101 1402 4184 imbres,
