3325 5342
230 649 306 697 v-50
402 645 714 714 SATIRARUM
740 647 897 713 LIBER
926 647 976 713 Il.
1011 672 1040 714 a.
1140 648 1208 717 225

230 780 345 846 Donec
360 798 417 842 vos
430 758 547 841 auctor
561 773 675 842 docuit
688 775 871 866 praetorius.
887 778 976 869 Ergo

230 889 264 958 Si
279 889 353 981 quis
368 910 458 955 nunc
472 910 602 979 mergos
617 909 732 955 suaves
744 886 885 971 edixerit
898 911 1004 973 assos,

231 1002 363 1073 Parebit
377 1000 470 1095 pravi
485 998 600 1067 docilis
614 1002 765 1068 Romana
773 1000 939 1092 juventus.

279 1114 440 1185 Sordidus
453 1138 474 1181 a
487 1113 578 1181 tenui
591 1113 680 1180 victu
696 1113 846 1199 distabit,
859 1113 969 1183 Ofello

233 1228 357 1298 Iudice.
371 1230 459 1297 Nam
472 1227 593 1314 frustra
607 1226 723 1294 vitium
737 1228 892 1296 vitaveris
907 1227 1007 1315 illud,

233 1341 269 1410 si
283 1355 315 1408 te
328 1338 394 1407 alio
408 1363 546 1432 pravum
562 1338 744 1407 detorseris.
761 1338 958 1425 Avidienus,

235 1453 300 1523 Cui
313 1453 415 1522 Canis
427 1455 467 1519 eri
481 1477 558 1520 vero
573 1451 710 1521 ductum
724 1476 907 1545 cognomen
922 1454 1083 1541 adheret,

235 1566 475 1657 Quinquennes
487 1564 574 1634 aleas
587 1579 682 1633 estet
695 1564 856 1633 silvestria
869 1590 987 1649 corua3

236 1682 302 1763 Ac,
316 1677 380 1745 nisi
393 1691 578 1764 mutatum,
592 1677 699 1771 parcit
712 1676 894 1746 delimdere
907 1679 1020 1747 vinum
1030 1705 1040 1765 ;
1051 1695 1083 1746 et

235 1793 340 1885 Cujus
354 1791 490 1861 odorem
504 1790 569 1860 olei
585 1815 727 1884 nequeas
741 1790 904 1884 perferre,
917 1790 1028 1860 licebit

235 1904 295 1974 Ille
310 1907 453 1999 repotia,
468 1905 612 1986 natales,
625 1904 748 1974 aliosve
763 1905 892 1973 dierum

237 2023 349 2088 Festos
364 2018 492 2087 albatus
506 2017 665 2102 celebret,
678 2043 784 2087 cornu
799 2018 869 2111 ipse
883 2016 996 2085 bilibri

238 2129 398 2201 Caulibus
412 2129 567 2216 instillat,
582 2131 701 2200 veteris
716 2156 784 2199 uon
798 2155 917 2224 parcus
930 2132 1024 2200 aceti.

238 2243 338 2334 Quali
354 2245 457 2338 igitur
470 2245 560 2313 victu
574 2245 704 2338 sapiens
718 2245 852 2314 utetur?
865 2260 898 2314 et
912 2245 1032 2313 horum

238 2362 359 2428 Utrum
375 2357 580 2427 imitabitur?
592 2362 664 2427 Hac
677 2373 774 2453 urget
788 2358 904 2453 lupus,
917 2359 979 2427 hac
992 2359 1100 2443 canis,
1113 2360 1215 2427 aiunt,

238 2471 384 2541 Mundus
398 2473 479 2557 erit,
492 2473 550 2564 qui
565 2497 633 2541 non
648 2472 797 2541 offendat
810 2473 981 2559 sordibus,
995 2487 1094 2565 atque

239 2589 278 2653 In
292 2599 442 2654 neutram
457 2601 584 2680 partem
598 2586 707 2655 cultus
721 2588 829 2657 miser.
845 2588 909 2657 Hic
923 2611 1029 2680 neque
1043 2588 1162 2670 servis,

238 2698 354 2769 Albuci
369 2700 454 2768 senis
467 2700 635 2794 exemplo,
651 2700 732 2770 dum
746 2703 861 2770 munia
876 2700 979 2786 didit,

239 2816 347 2882 Saevus
360 2813 440 2898 erit3
454 2838 578 2908 neque,
591 2815 676 2883 sicut
691 2813 830 2909 simplex
844 2816 994 2899 Naevius,
1008 2828 1141 2882 unctam

240 2927 395 2997 Convivis
403 2928 561 3020 praebebit
567 2930 831 3022 aquam3vitium
840 2929 903 2998 hoc
910 2953 1042 3022 quoque
1049 2950 1216 3021 magnum.

284 3040 404 3134 Accipe
417 3066 506 3110 nuuc
519 3043 625 3110 victus
639 3044 747 3111 tenuis
761 3067 834 3137 quae
848 3056 1037 3136 quantaque
1051 3065 1161 3109 secum

241 3153 374 3222 Allerat.
389 3157 428 3221 lu
443 3156 558 3247 primis
572 3154 680 3224 valeas
694 3157 794 3243 beue3
810 3182 886 3225 nam
901 3157 999 3224 variae
1014 3180 1064 3223 res
1142 3151 1144 3155 ’

242 3270 289 3336 Ut
303 3281 443 3335 noceant
455 3267 601 3355 homini,
615 3270 746 3358 credas,
762 3296 889 3340 mernor
904 3269 992 3340 illius
1005 3295 1103 3353 escae,

127 3470 134 3482 ο
241 3382 325 3469 Quae
339 3378 477 3473 simplex
491 3380 571 3450 olim
585 3383 646 3452 tibi
661 3384 791 3454 sederit.
806 3387 850 3455 At
863 3382 960 3453 simul
975 3385 1055 3452 assis

240 3495 413 3563 Miscueris
427 3494 529 3583 elixa,
543 3497 641 3567 simul
657 3497 829 3593 conchylia
843 3497 967 3583 turdis,

240 3608 361 3676 Dulcia
375 3634 408 3677 se
423 3611 456 3677 in
471 3608 571 3680 bilem
585 3627 730 3697 vertent,
743 3611 979 3703 stomachoque
993 3608 1172 3678 tumultum

242 3724 347 3790 Lenta
360 3723 442 3792 feret
455 3725 584 3818 pituita.
599 3726 702 3795 Vides
716 3741 753 3794 ut
765 3724 909 3819 pallidus
921 3724 1030 3793 omnis

241 3836 345 3904 Coena
359 3834 513 3931 desurgat
528 3838 652 3906 dubia?
665 3840 756 3928 Quin
773 3864 893 3931 corpus
906 3850 1061 3905 onustum

241 3950 410 4018 Hestemis
423 3951 512 4019 vitiis
525 3953 674 4020 animum
688 3977 820 4045 quoque
834 3962 1017 4044 praegravat
1030 3971 1114 4031 una,

242 4064 347 4153 Atque
361 4062 474 4157 affigit,
481 4064 585 4132 humo
599 4064 717 4132 diviuae
732 4062 927 4185 part'pulam
941 4086 1037 4130 aurae.

1086 4180 1115 4226 15
