3325 5342
440 690 507 759 282
666 690 707 775 Q.
740 685 965 755 nouam
996 686 1190 756 Feroci

438 822 598 889 Naturam
611 814 752 909 expelles
766 813 876 899 furca,
889 827 998 881 tamen
1013 838 1119 908 usque
1134 836 1296 906 recurret,

438 937 480 1000 Et
493 931 580 1000 mala
593 943 783 1025 perrumpet
797 927 913 995 firrtim
928 926 1059 996 fastidia
1073 928 1201 1000 victrix

437 1048 532 1130 Non,
545 1045 602 1138 qui
615 1042 753 1113 Sidonio
766 1040 965 1109 contendere
979 1040 1118 1111 callidus
1134 1060 1225 1114 ostro

439 1157 551 1228 Nescit
564 1155 762 1249 Aquinatem
777 1154 926 1247 potantia
940 1152 1060 1221 vellera
1075 1154 1205 1243 fiscum,

439 1269 570 1338 Certius
582 1268 721 1361 accipiet
734 1266 911 1350 damnum,
925 1267 1102 1359 propiusve
1116 1268 1288 1358 medullis,

438 1384 548 1470 Quam
562 1381 619 1474 qui
633 1404 700 1448 non
714 1380 836 1472 poterit
849 1403 926 1448 vero
942 1378 1146 1474 distinguere
1160 1381 1289 1452 falsum.

324 1525 327 1530 ·
438 1495 547 1582 Quem
562 1518 612 1561 res
626 1492 700 1586 plus
715 1493 818 1559 nimio
834 1490 1035 1560 delectavere
1049 1494 1217 1580 secundae,

438 1610 576 1675 Mutatae
589 1607 746 1698 quatient.
762 1606 795 1675 Si
811 1605 893 1699 quid
907 1606 1086 1693 mirabere,
1101 1632 1203 1701 pones

438 1720 574 1788 Invitus.
588 1724 678 1812 Fuge
690 1743 828 1812 magna;
843 1718 918 1787 licet
931 1719 992 1787 sub
1006 1744 1150 1813 paupere
1163 1735 1249 1790 tecto

438 1835 562 1925 Reges,
574 1845 607 1898 et
620 1855 735 1924 regum
749 1831 816 1898 ¹uita
829 1854 1030 1923 praecurrere
1043 1833 1174 1902 amicos.

486 1946 611 2012 Cervus
624 1965 746 2035 equum
759 1966 873 2034 pugna
886 1942 1004 2012 melior
1017 1946 1248 2018 communibus
1261 1947 1370 2016 herbis

438 2055 606 2141 Pellebat,
617 2054 722 2123 donec
734 2055 847 2123 minor
860 2056 894 2123 in
909 2058 1089 2127 certamine
1103 2058 1203 2153 longo

438 2168 634 2262 Imploravit
646 2191 725 2261 opes
737 2167 901 2255 hominis,
914 2169 1119 2265 frenumque
1133 2175 1263 2267 recepit

436 2282 500 2352 Sed
513 2296 688 2376 postquam
701 2282 808 2350 vietor
820 2282 947 2352 violens
961 2284 1110 2353 discessit
1124 2286 1165 2354 ab
1180 2286 1290 2373 hoste,

391 2449 392 2452 ,
436 2397 513 2465 Non
526 2394 669 2487 equitem
683 2392 800 2480 dorso,
812 2418 882 2463 non
896 2393 1035 2464 frenum
1049 2394 1177 2488 depulit
1190 2422 1256 2466 ore

436 2509 508 2594 Sic,
521 2508 578 2601 qui
592 2507 783 2602 pauperiem
796 2487 939 2594 veritus,
952 2509 1081 2602 potiore
1095 2509 1235 2580 metallis

437 2622 603 2690 Libertate
616 2636 723 2708 caret,
737 2617 910 2690 dominum
923 2623 1019 2691 vehet
1033 2624 1223 2718 improbus,
1237 2640 1336 2719 atque

435 2736 561 2803 Serviet
578 2750 754 2820 aeteruum,
768 2736 847 2828 quia
860 2760 964 2828 parvo
977 2738 1101 2806 nesciet
1112 2738 1170 2806 uti.

436 2849 500 2918 Cui
514 2873 582 2917 non
597 2850 769 2918 conveniet
782 2874 842 2918 sua
855 2874 925 2936 res,
938 2865 976 2918 ut
989 2849 1117 2920 calceus
1131 2850 1230 2936 olim,

434 2963 469 3032 Si
483 2963 566 3056 pede
577 2963 685 3056 major
698 2964 976 3050 erit,subvertet;
990 2964 1016 3032 si
1032 2966 1158 3052 minor,
1171 2981 1252 3035 uret

436 3078 547 3144 Laetus
560 3091 648 3145 sorte
661 3090 718 3144 tua
731 3077 821 3145 vives
835 3077 1017 3170 sapienter,
1032 3080 1152 3165 Aristi3

434 3190 504 3257 Nec
517 3213 569 3257 me
582 3188 728 3259 dimittes
742 3189 993 3284 incastigatum,
1005 3191 1064 3259 ubi
1077 3190 1175 3284 plura

434 3305 562 3395 Cogere
575 3329 675 3396 quam
688 3303 768 3373 satis
781 3318 848 3391 est,
860 3329 899 3372 ac
913 3329 980 3373 non
996 3329 1121 3374 cessare
1133 3303 1279 3374 videbor.

434 3417 578 3508 Imperat
591 3432 650 3485 aut
663 3418 762 3486 servit
775 3415 913 3485 collecta
927 3419 1065 3510 pecunia
1078 3415 1215 3511 cuique,

432 3531 570 3596 Tortum
585 3528 687 3623 digna
699 3529 790 3623 sequi
805 3525 934 3623 potius,
948 3555 1046 3624 quam
1061 3531 1181 3599 ducere
1193 3528 1313 3598 fttnem

431 3639 510 3707 Haec
522 3640 582 3708 tibi
596 3640 760 3711 dictabam
775 3657 851 3736 post
864 3643 978 3712 fanum
993 3658 1088 3736 putre
1101 3641 1263 3727 Vacunae,

432 3754 577 3846 Excepto
592 3749 682 3846 quod
695 3780 762 3823 non
777 3755 874 3825 simul
888 3782 992 3842 esses,
1005 3771 1121 3826 catera
1135 3753 1236 3824 laetus.
