3325 5342
452 654 519 726 ψ
680 630 722 719 Q.
754 631 979 698 nonnrn
1010 631 1206 700 annom

451 766 494 831 Et
508 762 643 847 domus,
656 775 690 829 et
703 760 826 845 victus,
841 785 908 828 non
923 758 1098 829 deficiente
1111 762 1292 830 crumena?

452 882 544 946 Inter
557 902 649 971 spem
663 898 862 969 curamque,
875 875 1012 943 timores
1027 876 1113 944 inter
1126 891 1159 944 et
1174 877 1257 961 iras,

453 995 596 1060 Omnem
611 988 708 1058 crede
722 988 809 1056 diem
824 988 885 1056 tibi
900 986 1058 1057 diluxisse
1072 1014 1280 1082 supremum;

453 1108 559 1175 Grata
573 1103 798 1197 superveniet,
811 1128 884 1197 quae
899 1129 966 1171 non
981 1104 1183 1197 sperabitur,
1196 1104 1289 1172 hora.

453 1220 511 1287 Me
524 1217 684 1312 pinguem
698 1232 731 1285 et
745 1215 890 1285 nitidum
905 1216 989 1286 bene
1003 1231 1117 1287 curata
1130 1233 1206 1287 cute
1219 1220 1322 1304 vises,

455 1333 569 1419 Quum
585 1330 694 1400 ridere
706 1329 813 1417 voles,
826 1330 962 1424 Epicuri
977 1329 1018 1399 de
1032 1356 1131 1426 grege
1145 1357 1293 1426 porcum.

456 1576 1438 1600 mmmmm

736 1766 1064 1855 EPISTOLA
1105 1773 1159 1857 V.

751 2025 812 2080 nn
841 2025 1145 2095 ronouarun.

459 2238 495 2304 81
510 2248 604 2328 potes
617 2231 788 2302 Archiacis
802 2233 942 2302 conviva
956 2232 1146 2302 recumbere
1160 2231 1269 2320 lectis,

460 2351 530 2419 Nec
543 2346 675 2415 modica
688 2370 818 2415 coenare
832 2346 929 2415 times
942 2345 1016 2415 olus
1030 2371 1128 2416 omne
1140 2346 1279 2440 patella;

460 2463 623 2553 Supremo
637 2473 670 2527 te
685 2457 753 2527 sole
768 2457 878 2544 domi,
891 2461 1076 2552 Torquate,
1089 2460 1239 2528 manebo.

459 2574 549 2643 Vina
563 2573 657 2641 bibes
671 2573 791 2641 iterum
806 2576 917 2641 Tauro
933 2571 1070 2659 diffusa,
1083 2571 1245 2666 palustres

461 2690 553 2755 Inter
565 2687 757 2755 Minturnas
770 2686 1073 2779 Sinuessanumque
1085 2687 1267 2755 Petrinum.

461 2800 496 2868 Si
510 2799 629 2868 melius
643 2799 725 2894 quid
740 2799 859 2883 habes,
872 2823 1016 2885 aroesse,
1030 2797 1082 2867 vel
1097 2800 1272 2894 imperium
1286 2800 1345 2869 fer.

461 2911 663 2980 Jamdudum
678 2910 829 3006 splendet
843 2908 954 2996 focus,
967 2925 1001 2979 et
1015 2911 1076 2979 tibi
1091 2912 1216 2980 munda
1230 2913 1384 3006 supellex.

461 3026 559 3094 Mitte
573 3024 659 3094 leves
673 3049 764 3118 spes,
778 3037 811 3093 et
824 3025 1006 3093 certamina
1022 3024 1230 3111 divitiarum,

462 3142 505 3207 Et
517 3140 647 3209 Moschi
662 3163 803 3214 causam.
819 3141 903 3208 Cras
917 3154 996 3208 nato
1010 3142 1139 3209 Caesare
1153 3139 1254 3209 festus

462 3257 530 3324 Dat
545 3255 673 3323 veniam
689 3277 908 3347 somnumque
922 3252 1011 3342 dies;
1024 3254 1159 3347 impune
1175 3252 1286 3324 licebit

463 3366 621 3434 AEstivam
637 3389 788 3435 sermone
801 3365 948 3459 benigno
964 3365 1097 3435 tendere
1111 3381 1253 3436 noctem.

463 3480 540 3568 Quo
556 3479 638 3548 mihi
653 3479 841 3567 fortunarn,
855 3479 882 3548 si
898 3505 965 3549 non
980 3480 1173 3550 conceditur
1187 3480 1260 3549 nti?

462 3596 586 3662 Parcus
599 3594 642 3661 ob
658 3593 789 3663 heredis
803 3619 917 3664 curam
932 3595 1140 3688 nimiumque
1153 3618 1285 3663 severus

462 3706 593 3776 Assidet
608 3707 734 3777 insano.
749 3711 870 3778 Potare
883 3723 917 3777 ct
931 3733 1085 3804 spargere
1099 3708 1198 3777 flores

464 3820 645 3914 Incipiam,
658 3821 831 3916 patiarque
845 3822 896 3891 vel
913 3821 1118 3893 inconsultus
1132 3822 1256 3891 haberi.

464 3933 557 4021 Quid
571 3959 638 4002 non
652 3936 795 4006 ebrietas
809 3936 993 4032 dissignat?
1007 3942 1134 4032 Operta
1150 3935 1306 4017 recludit3

464 4048 545 4138 Spes
555 4046 650 4138 jubet
663 4073 732 4118 esse
747 4065 853 4138 ratas;
866 4051 909 4119 ad
922 4051 1036 4145 praelia
1051 4052 1156 4121 trudit
1171 4053 1350 4132 inermem;
