3325 5342
440 670 507 742 332
668 667 710 754 Q.
742 661 967 732 nonnrn
999 663 1194 730 annum
1328 682 1353 712 v.
1375 668 1428 715 ³20

439 799 581 886 Fabula,
594 794 719 865 nullius
731 794 875 879 veneris,
889 792 959 861 sine
972 790 1120 885 pondere
1133 806 1167 861 et
1180 808 1269 880 arte,

438 912 578 985 Valdius
592 906 735 978 oblectat
748 904 909 1001 populum
925 904 1109 998 meliusque
1123 920 1291 993 moratur,

439 1029 550 1116 Quam
565 1047 677 1113 versus
691 1023 806 1114 inopes
820 1044 949 1104 rerum,
963 1044 1125 1113 nugaeque
1137 1044 1276 1090 canorae.

439 1141 551 1211 Graiis
565 1136 755 1231 ingenium,
769 1134 882 1204 Graiis
896 1131 986 1201 dedit
1000 1157 1058 1201 ore
1072 1134 1217 1203 rotundo

439 1257 537 1322 Musa
551 1249 660 1344 loqui,
673 1262 792 1343 prater
805 1245 936 1315 laudem
950 1244 1075 1315 nullius
1089 1247 1205 1316 avaris.

440 1364 582 1433 Romani
596 1362 692 1457 pueri
706 1359 814 1454 longis
828 1358 1014 1428 rationibus
1029 1383 1134 1428 assem

440 1479 583 1549 Discunt
598 1477 632 1544 in
647 1489 756 1570 partes
769 1488 902 1542 centum
916 1473 1080 1542 diducere.
1091 1472 1246 1542 -Dioat

440 1591 544 1660 Filius
557 1590 686 1677 Albini,
699 1589 725 1657 si
741 1587 782 1656 de
796 1588 983 1681 quincunce
998 1602 1123 1654 remota
1137 1602 1187 1655 est

440 1704 547 1772 Uncia
556 1755 564 1789 ,
574 1701 654 1795 quid
663 1699 1016 1794 superati-Poteras
1025 1697 1422 1783 dixisse‚Triens.—Eu!

440 1820 524 1884 Rem
538 1815 662 1908 poteris
676 1839 806 1883 servare
819 1827 921 1881 tuam.
937 1811 1036 1881 Redit
1048 1813 1165 1897 uncia,
1178 1812 1259 1905 quid
1272 1811 1392 1881 fit?—

441 1930 556 1999 Semis.
566 1927 671 1997 -nd
686 1928 773 2011 huc,
786 1927 915 1995 animos
928 1950 1041 2021 aerugo
1054 1940 1087 1994 et
1100 1950 1180 1994 cura
1193 1925 1301 2020 peculi

442 2042 557 2129 Quum
571 2039 670 2109 semel
685 2039 860 2126 imbuerit,
875 2064 1044 2132 speremus
1058 2040 1205 2108 carmina
1219 2038 1300 2134 fingi

441 2153 540 2221 Posse
554 2151 687 2221 linenda
701 2151 819 2242 cedrq,
833 2165 866 2220 et
880 2150 943 2220 levi
957 2150 1117 2220 servanda
1131 2150 1309 2244 cupresso?

489 2269 555 2335 Aut
568 2266 723 2360 prodesse
737 2265 854 2335 volunt
867 2280 925 2335 aut
939 2263 1101 2335 delectare
1113 2280 1235 2359 poetas,

442 2384 510 2449 Aut
524 2379 622 2449 simul
635 2396 669 2449 et
679 2380 827 2474 jucunda
841 2394 874 2449 et
889 2379 1009 2448 idonea
1022 2379 1131 2449 dicere
1145 2380 1228 2447 vitae.

441 2495 615 2589 Quidquid
628 2496 815 2590 praecipies,
828 2509 898 2564 esto
912 2495 1039 2581 brevis3
1052 2509 1089 2562 ut
1103 2495 1169 2564 cito
1185 2493 1272 2562 dicta

441 2608 630 2702 Percipient
642 2609 745 2677 animi
760 2607 899 2692 dociles,
913 2621 1111 2701 teneantque
1124 2606 1246 2675 fideles.

441 2726 550 2790 Omne
563 2747 803 2817 supervacuum
816 2722 916 2817 pleno
931 2722 972 2790 de
985 2736 1119 2815 pectore
1132 2735 1254 2789 manat.

441 2834 533 2902 Ficta
547 2833 726 2929 voluptatis
740 2860 839 2905 causa
852 2836 918 2904 sint
932 2835 1083 2929 proxima
1098 2834 1201 2918 veris3

440 2950 526 3032 Nec,
540 2949 773 3042 quodcumque
786 2950 891 3036 volet,
904 2963 1018 3043 poscat
1032 2948 1095 3017 sibi
1110 2945 1221 3015 fabula
1235 2944 1345 3028 credi,

441 3063 514 3130 Neu
528 3087 656 3156 pransae
670 3063 794 3132 Lamioe
808 3064 921 3132 vivum
937 3088 1077 3157 puerum
1091 3060 1242 3130 extrahat
1255 3059 1340 3128 alvo.

440 3176 606 3244 Centurioe
620 3176 788 3244 seniorum
802 3178 931 3270 agitant
943 3176 1090 3270 expertia
1104 3174 1228 3269 frugis3

440 3285 527 3355 Celsi
541 3305 740 3381 praetereunt
754 3305 885 3359 austera
898 3305 1051 3383 poemata
1065 3288 1243 3357 Rhamnes.

439 3402 548 3469 Omne
561 3400 638 3470 tulit
652 3417 831 3495 punctum,
845 3403 904 3496 qui
918 3402 1051 3472 miscuit
1065 3399 1146 3470 utile
1161 3399 1268 3486 dulci,

439 3517 612 3583 Lectorem
627 3517 839 3604 delectand0,
853 3519 1042 3612 pariterque
1056 3515 1231 3585 monendo.

438 3628 501 3695 Hic
514 3644 619 3698 meret
631 3656 696 3700 tera
711 3631 795 3700 liber
807 3633 928 3719 Sosiis,
941 3633 1043 3701 hicet
1056 3654 1147 3699 mare
1161 3629 1302 3714 transit,

437 3743 480 3809 Et
494 3740 632 3837 longum
647 3760 726 3813 noto
740 3747 894 3840 scriptori
908 3760 1065 3841 prorogat
1079 3769 1196 3812 aevum.

437 3853 524 3920 Sunt
537 3853 656 3925 delicta
669 3872 781 3927 tamen
795 3859 917 3953 quibus
932 3859 1095 3953 ignovisse
1110 3856 1257 3924 velimus.

438 3968 524 4035 Nam
532 3991 639 4059 neque
645 3970 768 4039 chorda
777 3997 896 4040 sonum
905 3971 1012 4041 reddit
1019 3995 1117 4063 quem
1125 3968 1323 4037 vultmanus
1330 3980 1366 4034 et
1373 3991 1494 4047 meus,

438 4080 654 4172 Poscentique
668 4108 801 4174 gravem
816 4110 960 4179 persaepe
974 4085 1114 4153 remittit
1126 4096 1278 4163 acutum;
