3325 5342
435 677 505 748 300
663 678 705 765 Q.
738 676 964 744 HORATII
996 676 1193 745 FLACCI

433 805 566 900 Decipit
580 804 747 899 exemplar
760 804 850 872 vitiis
865 802 1035 873 imitabile.
1051 805 1154 892 Quod
1167 806 1194 873 si

434 920 594 991 Pallerem
609 944 704 1004 casn,
717 919 870 986 biberent
881 942 1048 1012 exsangue
1062 918 1244 989 cuminum.

434 1039 466 1106 Ο
481 1036 680 1120 imitatores,
692 1058 822 1102 servum
838 1056 956 1125 pecus,
968 1047 1007 1100 ut
1021 1032 1104 1100 mihi
1119 1057 1203 1126 saepe

434 1147 558 1234 Bilem,
571 1172 656 1240 saepe
665 1147 779 1239 jocum
794 1144 894 1212 vestri
909 1168 1041 1213 movere
1056 1141 1238 1213 tumultus!

435 1262 555 1330 Libera
570 1283 783 1353 pervacuum
798 1258 894 1352 posui
908 1257 1047 1351 vestigia
1061 1257 1234 1350 princeps;

435 1376 512 1445 Non
526 1372 635 1441 aliena
649 1396 723 1439 meo
736 1371 840 1464 pressi
855 1369 948 1463 pede.
964 1369 1032 1458 Qui
1047 1368 1110 1436 sibi
1125 1367 1217 1454 fidit,

435 1489 515 1555 Dux
530 1497 620 1577 reget
632 1507 778 1551 examen.
793 1481 909 1550 Parios
922 1505 985 1575 ego
997 1480 1125 1573 primus
1140 1480 1267 1548 iambos

436 1597 576 1668 Ostendi
590 1597 707 1683 Latio,
721 1622 877 1665 numeros
891 1597 1086 1688 animosque
1100 1609 1230 1664 secutus

437 1708 650 1794 Archilochi,
664 1735 731 1778 non
747 1735 799 1779 res
812 1725 846 1779 et
859 1709 992 1803 agentia
1004 1708 1104 1776 verba
1118 1709 1315 1803 Lycamben.

439 1825 504 1908 Ac,
519 1847 625 1891 neme
641 1822 728 1891 foliis
743 1822 819 1891 ideo
832 1821 1041 1891 brevioribus
1054 1846 1170 1908 ornes,

438 1933 539 2024 Quod
553 1935 649 2003 timui
664 1950 792 2004 mutare
806 1935 924 2004 modos
937 1950 970 2004 et
984 1935 1141 2003 carminis
1154 1949 1277 2019 artem,

438 2053 615 2141 Temperat
630 2047 822 2117 Archilochi
837 2074 965 2117 musam
980 2047 1063 2142 pede
1077 2047 1221 2117 mascula
1234 2047 1388 2141 Sappho,

439 2163 616 2254 Temperat
628 2159 773 2248 Aleaeus3
787 2161 845 2230 sed
860 2163 957 2230 rebus
970 2175 1003 2230 et
1016 2161 1133 2230 ordine
1147 2161 1274 2254 dispar,

440 2277 510 2345 Nec
525 2299 674 2343 socerum
689 2277 825 2369 quaerit,
838 2301 936 2370 quem
950 2276 1099 2344 versibus
1113 2273 1243 2342 oblinat
1255 2276 1354 2361 atris,

441 2390 511 2457 Nec
524 2413 651 2482 sponsae
666 2387 820 2483 laqueum
836 2389 962 2458 famoso
976 2389 1121 2459 carmine
1136 2388 1248 2457 nectit

441 2503 539 2568 Hunc
551 2525 634 2594 ego,
645 2525 714 2569 nou
728 2499 794 2569 alio
809 2501 936 2570 dictum
950 2502 1044 2595 prius
1056 2525 1132 2588 ore,
1146 2500 1287 2568 Latinus

441 2611 585 2707 Vulgari
599 2613 727 2683 fidicen.
742 2618 841 2684 Juvat
856 2615 1084 2683 immemorata
1100 2613 1257 2681 ferentem

441 2728 599 2821 Ingenuis
612 2727 781 2822 oculisque
795 2728 860 2823 legi
875 2729 1094 2821 manibusque
1108 2727 1222 2796 teneri.

441 2840 532 2909 Scire
545 2839 626 2910 velis
639 2867 712 2911 mea
725 2867 786 2911 cur
799 2843 949 2936 ingratus
963 2841 1123 2935 opuscula
1138 2839 1241 2909 lector

442 2952 572 3022 Laudat
584 2969 737 3048 ametque
751 2954 862 3039 domi,
876 2969 1005 3048 premat
1017 2968 1110 3024 extra
1124 2952 1223 3022 limen
1238 2952 1398 3046 iniquus?

442 3068 519 3136 Non
533 3092 596 3162 ego
610 3083 753 3136 ventosa
765 3067 873 3161 plebis
887 3068 1047 3162 suffragia
1061 3092 1164 3137 venor

442 3182 604 3274 Impensis
617 3207 785 3251 ooenarum
799 3197 832 3251 et
847 3184 932 3251 tritae
947 3206 1082 3251 munere
1096 3182 1213 3267 vestis,

443 3295 519 3362 Nou
533 3319 614 3389 ego,
627 3295 789 3365 nobilium
805 3297 1004 3390 scriptorum
1019 3294 1152 3365 auditor
1164 3309 1198 3363 et
1211 3291 1320 3377 ultor,

443 3409 685 3479 Grammaticos
698 3411 826 3479 ambire
840 3410 947 3478 tribus
960 3425 993 3478 et
1008 3407 1135 3503 pulpita
1150 3408 1289 3501 dignor3

442 3520 530 3591 Hinc
543 3521 606 3592 illae
620 3523 771 3596 lacrimae.
787 3524 933 3618 «Spissis
948 3523 1087 3618 indigna
1099 3521 1238 3590 theatris

443 3637 598 3731 «Scripta
611 3639 715 3732 pudet
728 3639 885 3724 recitare,
898 3650 931 3706 et
944 3637 1042 3730 nugis
1055 3635 1176 3704 addere
1190 3634 1340 3728 pondus,
1351 3663 1368 3698 n

442 3749 477 3817 Si
492 3749 578 3838 dixi3
591 3752 738 3840 «Rides,
751 3754 815 3838 ait,
828 3766 862 3821 et
874 3752 964 3820 Jovis
978 3750 1114 3819 auribus
1129 3750 1191 3816 ista

443 3891 460 3924 u
469 3865 603 3950 Servas;
616 3865 691 3935 fidis
705 3867 793 3935 euim
810 3890 947 3934 manare
960 3864 1089 3959 poetica
1102 3860 1202 3931 mella

443 4004 460 4038 «
469 3979 516 4043 Te
530 3975 655 4064 solum,
668 3979 729 4047 tibi
744 3977 891 4073 pulcher.
903 4009 920 4044 s
932 3977 985 4048 Ad
998 3978 1068 4046 haec
1080 4000 1143 4071 ego
1158 3972 1295 4042 naribus
1311 3971 1362 4039 uti

444 4087 619 4173 Formido,
632 4104 682 4174 et,
696 4091 851 4160 luctantis
865 4106 962 4160 acuto
978 4115 1020 4160 ne
1034 4114 1124 4159 seoer
1135 4085 1259 4180 ungui,

1346 696 1373 727 V.
1399 693 1432 744 17
