3325 5342
437 681 505 762 aad
662 678 703 765 Q.
735 675 959 744 HORATII
991 674 1185 741 FLACCI

435 812 587 894 Summa,
601 806 658 876 sed
672 808 706 874 in
721 820 754 873 te
768 806 839 898 ipso
853 818 910 872 est
925 806 977 872 Tu
991 802 1214 895 pulmentaria
1228 830 1338 899 quaere

435 921 609 1007 Sudand03
622 922 779 1014 pinguem
795 918 900 1003 vitiis,
914 915 1111 1011 albumque,
1124 943 1231 1012 neque
1246 935 1373 1007 ostrea,

435 1037 504 1105 Nec
518 1060 646 1120 scarus,
659 1047 717 1102 aut
730 1033 853 1126 poterit
867 1032 1040 1126 peregrina
1051 1032 1167 1125 juvare
1181 1032 1293 1126 lagois.

435 1148 500 1216 Vix
514 1161 625 1215 tamen
639 1146 795 1239 eripiam,
808 1145 916 1238 posito
931 1167 1075 1236 pavone,
1089 1143 1169 1212 velis
1183 1145 1263 1238 quin

434 1262 507 1327 Hoc
520 1259 648 1352 potius,
661 1282 760 1352 quam
776 1255 917 1351 gallina,
931 1270 1059 1348 tergere
1073 1255 1238 1349 palatum,

435 1375 621 1465 Corruptus
634 1372 728 1439 vanis
741 1395 870 1455 rerum,
883 1370 961 1463 quia
974 1383 1091 1437 veneat
1104 1393 1186 1437 auro

435 1489 523 1554 Rara
536 1485 623 1569 avis,
636 1499 669 1553 et
683 1486 772 1578 picta
785 1484 909 1578 pandat
923 1482 1109 1577 spectacula
1123 1484 1245 1570 cauda,

434 1603 617 1692 Tamquam
624 1598 667 1667 ad
674 1623 742 1667 rem
749 1600 887 1667 attineat
894 1597 1086 1692 quidquam.
1094 1600 1184 1668 Num
1194 1600 1332 1667 vesceris
1342 1600 1415 1686 ista,

435 1713 545 1799 Quam
562 1710 691 1797 laudas,
704 1709 841 1804 pluma?
851 1713 956 1779 Cooto
972 1735 1051 1778 num
1065 1710 1157 1779 adest
1171 1710 1279 1779 honor
1294 1710 1402 1780 idem?

435 1828 544 1894 Carne
558 1838 687 1909 tamen,
699 1825 851 1917 quamvis
864 1824 964 1894 distat
978 1823 1061 1893 nihil
1071 1877 1081 1912 ,
1093 1825 1156 1894 hac
1169 1828 1275 1920 magis
1289 1826 1353 1896 ilia

434 1939 622 2033 Imparibus
637 1939 753 2007 formis
767 1938 941 2033 deceptum
956 1954 988 2009 te
1001 1954 1107 2034 patet3
1119 1954 1197 2009 esto.

433 2052 532 2122 Unde
544 2051 658 2119 datum
673 2052 790 2137 sentis,
804 2050 903 2146 iupus
916 2053 972 2122 hic
985 2052 1178 2140 Tiberinus,
1191 2078 1234 2121 an
1248 2052 1314 2122 alto

434 2168 560 2258 Captus
574 2164 660 2251 hiet,
673 2180 833 2259 pontesne
846 2166 933 2235 inter
942 2168 1102 2259 jactatus,
1116 2192 1159 2235 an
1174 2168 1280 2236 amnis

433 2280 528 2349 Ostia
541 2279 603 2348 sub
616 2278 737 2349 Tusci?
750 2280 900 2367 Laudas,
917 2281 1047 2367 insane,
1061 2280 1223 2350 trilibrem

433 2392 593 2478 Mullum,
602 2394 637 2461 in
647 2392 778 2488 singula
787 2419 886 2487 quem
896 2395 1027 2463 minuas
1036 2394 1206 2488 pulmenta
1218 2419 1345 2465 necesse
1354 2410 1411 2463 est.

433 2507 536 2576 Ducit
548 2523 581 2576 te
595 2509 737 2601 species,
749 2508 855 2577 video.
871 2511 949 2597 Quo
963 2510 1107 2602 pertinet
1118 2534 1198 2603 ergo

433 2621 592 2687 Procerus
606 2618 713 2688 odisse
729 2618 850 2714 lupos?
863 2622 952 2709 Quia
966 2620 1090 2689 scilieet
1104 2619 1170 2689 itlis

432 2731 594 2823 Majorem
609 2747 727 2802 natura
742 2734 885 2803 modum
894 2734 1003 2820 dedit,
1018 2734 1070 2804 his
1084 2734 1182 2804 breve
1196 2735 1335 2829 pondus.

431 2845 568 2937 Jejunus
583 2869 658 2914 raro
672 2848 860 2917 stomachus
875 2847 1024 2942 vulgaria
1038 2850 1164 2918 temnit

431 2986 449 3022 n
459 2960 651 3028 Porrectum
666 2985 789 3054 magno
803 2986 962 3056 magnum
975 2977 1122 3056 spectare
1135 2964 1243 3032 catino

431 3072 585 3143 «Vellem
594 3128 604 3160 ,
613 3104 630 3139 ι)
644 3077 691 3144 ait
703 3077 859 3170 Harpyiis
873 3075 951 3170 gula
963 3076 1065 3171 digna
1079 3078 1261 3171 rapacibus.
1278 3079 1408 3162 Atros,

431 3189 609 3257 Praesentes
621 3189 751 3275 Austri,
765 3191 897 3283 coquite
909 3190 1031 3258 horum
1042 3188 1196 3259 obsonia!
1212 3191 1362 3286 quamvis

430 3301 528 3367 Putet
541 3325 621 3394 aper
634 3301 858 3396 rhombusque
873 3326 1004 3388 recens,
1018 3302 1104 3371 mala
1118 3305 1213 3397 copia
1227 3303 1360 3396 quando

430 3413 568 3505 AEgrum
582 3411 736 3483 sollicitat
750 3414 977 3502 stomachum,
991 3440 1094 3510 quum
1109 3413 1223 3509 rapula
1237 3414 1352 3509 plenus

430 3526 539 3618 Atque
552 3527 662 3597 acidas
676 3527 801 3596 mavult
815 3527 932 3597 inulas.
946 3530 1108 3598 Necdum
1123 3530 1231 3599 omnis
1244 3529 1357 3598 abacta

429 3639 603 3732 Pauperies
617 3638 723 3734 epulis
737 3666 871 3735 regum;
885 3666 963 3710 nam
975 3640 1095 3710 vilibus
1109 3643 1180 3710 ovis

427 3752 606 3846 Nigrisque
619 3769 668 3823 est
682 3754 762 3823 oleis
775 3755 876 3824 hodie
890 3755 989 3825 locus.
1005 3756 1102 3825 Haud
1116 3757 1162 3824 ita
1176 3756 1302 3850 pridem

427 3864 562 3933 Galloni
577 3869 736 3960 praeconis
750 3885 820 3939 erat
834 3870 1022 3964 acipensere
1035 3895 1146 3938 mensa

426 3976 573 4047 Infamis.
588 3981 702 4067 Quid?
715 3996 787 4049 tum
802 3983 959 4052 rhombos
973 3984 1082 4052 minus
1096 4008 1208 4076 aequor
1222 3981 1350 4050 alebat?

425 4094 530 4158 Tutus
544 4107 613 4159 erat
628 4093 805 4180 rhombus,
819 4110 956 4188 tutoque
969 4099 1096 4165 ciconia
1110 4097 1207 4182 nido,
