3325 5342
533 641 751 709 Eronos
783 641 952 707 menn.
1172 641 1238 738 159

440 801 457 835 ιι
472 775 562 840 Iram
577 783 677 862 atque
692 793 815 837 numen
831 766 965 837 vertite!

344 917 362 950 «
377 882 615 956 Formidolosoe
629 881 709 950 dum
725 880 828 950 latent
843 880 934 950 silvis
949 881 1042 967 lerae,

443 1027 460 1062 u
476 995 576 1067 Dulci
592 1020 710 1089 sopore
726 993 910 1088 languide,

346 1144 364 1178 e
377 1117 514 1198 Senem,
529 1110 621 1205 quod
634 1134 749 1179 omnes
765 1109 913 1196 rideant,
926 1110 1114 1181 adulterum

444 1256 461 1290 «
476 1229 617 1295 latrent
629 1224 813 1293 Suburunae
826 1248 942 1311 canes,

347 1370 363 1404 u
378 1338 494 1412 Nardo
509 1352 726 1434 perunctum,
740 1336 838 1431 quale
852 1363 919 1406 non
934 1339 1110 1432 perfectius

442 1483 459 1517 ι(
473 1457 557 1522 Meae
573 1452 759 1522 laborarint
772 1475 900 1520 manus.

346 1597 363 1631 «
378 1567 470 1656 Quid
483 1566 628 1636 accidit?
641 1591 702 1635 eur
716 1564 790 1634 dire
804 1565 951 1634 barbare
965 1569 1075 1636 minus

443 1711 460 1745 u
474 1684 612 1750 Venena
625 1679 753 1750 Medeae
767 1678 897 1764 velent,

346 1823 363 1857 «
376 1794 509 1883 Quibus
520 1793 698 1888 superbum
712 1792 800 1886 fugit
813 1790 885 1860 ulta
899 1790 1067 1885 pellicem,

444 1936 460 1972 u
474 1908 593 2002 Magni
608 1907 765 1978 Creontis
779 1903 900 1992 filiam,

347 2052 363 2085 α
378 2025 493 2112 Quum
508 2021 614 2117 pella,
627 2023 707 2091 tubo
722 2046 844 2090 munus
860 2021 1044 2106 imbutum,
1058 2047 1177 2091 novum

445 2165 461 2199 u
475 2136 636 2205 Inuendio
651 2151 790 2229 nuptam
803 2133 963 2204 abstulit?

347 2281 363 2316 α
379 2254 478 2346 Atqui
494 2277 556 2321 nee
569 2253 689 2338 herba,
703 2274 764 2351 nec
778 2251 884 2320 latens
898 2252 932 2319 in
947 2251 1072 2345 asperis

443 2394 461 2429 u
476 2365 585 2434 Radix
600 2364 716 2434 fefellit
729 2390 783 2435 nse
797 2365 887 2434 loeis.

349 2509 365 2542 α
381 2479 546 2548 indormit
559 2481 670 2549 unctis
685 2481 836 2549 onmium
851 2479 1016 2549 eubilibus

444 2624 460 2659 u
475 2593 653 2664 Oblivione
668 2592 840 2689 pellicum!

348 2736 365 2770 α
380 2703 448 2776 Ab!
465 2704 525 2775 ab!
542 2706 670 2776 solutus
683 2707 834 2777 ambulat
848 2708 1001 2777 veneficae

443 2848 460 2883 α
475 2821 669 2890 Scientioris
683 2819 848 2891 carmine!

347 2963 364 2996 α
378 2935 455 3004 Non
470 2936 618 3022 usitatis,
632 2939 739 3020 Vere,
753 2937 964 3029 potionibus,

443 3076 460 3111 α
472 3052 505 3117 Ο
518 3047 623 3118 multa
638 3049 795 3119 fleturum
809 3049 926 3145 ceput!

348 3189 365 3223 u
380 3160 431 3229 Ad
446 3176 499 3228 me
514 3187 681 3249 recurres,
695 3188 756 3232 nec
770 3179 887 3233 vocata
900 3190 993 3234 mens
1008 3181 1064 3234 tua

447 3302 464 3338 u
479 3269 600 3343 Marsis
614 3276 736 3347 redibit
749 3279 895 3349 vocibus.

348 3416 365 3450 κ
379 3388 490 3481 Majus
505 3389 649 3482 parabo,
663 3392 770 3484 majus
785 3392 959 3461 infundam
975 3392 1034 3461 tibi

445 3530 462 3566 u
477 3502 672 3573 Fastidienti
687 3505 856 3599 poculum.

349 3644 366 3679 u
381 3617 543 3709 Priusque
557 3617 677 3687 eoelum
693 3620 779 3689 sidet
792 3620 932 3689 inferius
946 3622 1048 3705 mari,

444 3758 462 3793 α
476 3728 608 3801 Tellure
622 3748 776 3826 porrecta
790 3756 905 3828 super,

350 3872 366 3906 ι(
381 3846 491 3932 Quam
507 3872 574 3915 non
590 3871 705 3918 amore
719 3851 767 3918 sie
780 3874 856 3919 meo
870 3849 1007 3944 flagres,
1020 3848 1069 3916 uti

444 3988 461 4022 α
477 3961 632 4030 Bitnnien
646 3963 728 4032 atris
742 3963 887 4057 ignibus.
904 3994 921 4028 s

270 4068 280 4085 '
348 4069 417 4138 Sub
433 4070 501 4140 lraec
515 4078 615 4164 puer}
625 4074 694 4164 jam
711 4100 778 4143 non
789 4129 799 4157 ‚
812 4091 851 4144 ut
864 4091 959 4161 ente,
973 4073 1130 4143 mollibus
