3325 5342
445 612 492 706 96

673 614 714 701 Q.
746 614 969 681 nostru
1001 611 1195 678 sunsei

587 747 658 814 Nec
671 741 791 835 loquax
805 739 886 809 olim
902 764 1008 833 neque
1022 753 1133 832 grata,
1147 756 1280 808 nuncet

587 858 739 926 Divitum
755 856 878 923 mensis
891 869 924 922 et
937 853 1044 922 amica
1058 850 1208 947 templis,

587 970 652 1038 Dic
666 967 800 1055 modos,
814 966 906 1061 Lyde
921 965 1041 1061 quibus
1055 967 1236 1036 obstinatas

732 1080 885 1176 Applioet
898 1105 1010 1164 nures3

587 1338 687 1424 Quae,
701 1334 790 1403 velut
804 1332 879 1402 latis
893 1357 977 1426 equa
991 1334 1090 1400 trima
1104 1334 1246 1425 campis,

587 1448 690 1518 Ludit
703 1444 874 1532 exsultim,
888 1446 1069 1538 metuitque
1083 1447 1193 1539 tangi,

586 1562 785 1654 Nuptiarum
800 1583 932 1651 expers,
946 1573 979 1627 et
992 1558 1101 1629 adhuc
1114 1574 1268 1652 protervo

726 1671 839 1741 Cruda
854 1663 982 1739 marito.

583 1928 634 1992 Tu
648 1937 741 2016 putes
755 1925 858 2016 tigres
872 1925 1074 2017 comitesque
1088 1923 1185 1992 silvas

581 2041 730 2123 Ducere,
743 2051 776 2104 et
790 2038 878 2105 rivos
892 2036 1013 2106 deleres
1027 2039 1160 2107 morari.

582 2151 689 2219 Cessit
704 2152 858 2219 immanis
873 2151 934 2218 tibi
949 2150 1132 2220 blandienti

725 2265 855 2332 Ianitor
869 2263 951 2332 aulae

581 2516 763 2601 Cerberus,
775 2517 927 2609 quamvis
942 2516 1059 2585 furiale
1072 2533 1205 2587 eentum

579 2621 735 2697 Muniant
748 2653 874 2724 angues
887 2646 1003 2724 caput,
1015 2632 1086 2723 ejus
1099 2646 1197 2726 atque

580 2744 723 2836 Spiritus
738 2757 836 2828 teter,
849 2744 1021 2837 saniesque
1036 2760 1146 2812 manet

723 2861 791 2926 Ore
805 2855 965 2951 trilingui.

579 3104 672 3190 Quin
685 3116 717 3170 et
731 3103 826 3169 Ixion
840 3103 1018 3196 Tityosque
1032 3101 1125 3170 vultu

578 3217 665 3285 Risit
679 3217 802 3300 invit03
816 3217 907 3284 stetit
920 3240 1004 3284 urna
1019 3215 1155 3311 paulum

577 3330 685 3414 Sicca,
700 3328 778 3396 dum
795 3342 890 3422 grato
904 3330 1014 3397 Danai
1029 3329 1154 3422 puellas

722 3442 879 3510 Carmine
893 3440 1025 3510 mulces.

577 3683 699 3751 Audiat
714 3684 805 3778 Lyde
819 3684 924 3754 scelus
938 3700 1037 3779 atque
1051 3702 1145 3756 notas

576 3798 754 3891 virginum
770 3824 899 3891 poenas,
913 3814 946 3867 et
960 3801 1058 3869 inane
1072 3800 1212 3895 lymphae

575 3907 712 3978 Dulium
728 3911 832 3992 fundo
847 3914 1015 4005 pereuntis
1030 3916 1116 4001 imo,

717 4026 862 4116 Seraque
876 4025 959 4111 sata,
