3325 5342
543 535 839 602 CARMINUM
869 531 1030 598 LIBER
1063 533 1087 597 l.
1267 558 1306 601 21

451 694 468 729 α
480 664 646 733 iracunda
660 664 745 732 diem
761 662 906 758 proferet
919 658 1001 746 llio,

450 809 467 843 «
480 780 709 873 Matronisque
722 779 891 872 Phrygum
905 773 1015 844 classis
1029 771 1188 859 Achillei;

450 924 467 958 (ι
482 897 563 964 Post
576 909 679 963 certas
692 893 816 962 hiemes
830 906 904 961 uret
917 889 1078 961 Achaicus

549 1035 566 1070 α
580 1006 671 1101 Ignis
684 1004 801 1074 Iliacas
815 1005 938 1073 domos.
954 1033 972 1067 »

322 1251 1307 1289 mmmmm

663 1443 806 1531 ODE
849 1444 994 1530 XVI.

678 1699 955 1756 Patluonla.

465 1911 497 1977 Ο
509 1910 636 1976 Marna
651 1904 792 2000 pulchra
804 1903 873 1975 fitia
888 1904 1071 1998 pulchrior,

464 2024 570 2109 Quem
585 2020 774 2089 criminosis
788 2044 931 2113 cumque
944 2019 1034 2091 voles
1047 2023 1183 2092 modum

511 2138 616 2204 Pones
631 2134 769 2221 iambis,
783 2135 851 2203 sive
866 2133 1017 2221 flamma,

558 2249 633 2318 Sive
645 2249 731 2317 mari
745 2248 826 2319 libet
839 2248 1020 2318 Hadriano.
1094 2352 1098 2357 ι

465 2477 542 2546 Nou
557 2474 782 2567 Dindymene,
796 2501 863 2544 nou
877 2475 985 2570 adytis
999 2476 1106 2569 quatit

467 2590 613 2656 Mentem
627 2587 831 2657 sacerdotum
847 2587 955 2657 incola
969 2589 1123 2683 Pythius,

513 2703 589 2771 Nou
605 2701 828 2795 Liberaeque,
843 2728 909 2770 non
926 2716 1021 2771 acuta

558 2816 613 2883 Sic
627 2817 799 2909 geminant
813 2816 1019 2910 Corybantes
1032 2842 1114 2903 aera,

463 3042 586 3110 Tristes
601 3058 638 3109 ut
653 3043 728 3127 irae3
742 3067 824 3134 quas
840 3070 946 3138 neque
959 3047 1101 3117 Noricus

464 3157 616 3222 Deterret
630 3155 735 3242 ensis,
749 3182 810 3224 nec
824 3183 915 3227 mare
928 3159 1144 3253 naufragum,

514 3267 584 3335 Nec
596 3292 699 3336 saevus
714 3269 819 3362 ignis,
833 3296 894 3338 nec
909 3271 1080 3347 tremendo

561 3381 689 3474 Jupiter
703 3383 772 3477 ipse
787 3409 886 3453 ruens
901 3382 1054 3453 tumultu.

466 3611 582 3676 Fertur
594 3609 830 3697 Prometheus,
843 3609 964 3679 addere
978 3610 1119 3704 principi

466 3723 561 3790 Limo
575 3737 709 3793 coactus
723 3724 920 3818 particulam
935 3726 1082 3818 undique

513 3837 705 3923 Desectam,
719 3850 751 3904 et
766 3836 873 3911 insani
890 3837 994 3906 leonis

560 3948 638 4015 Vim
654 3949 823 4018 stomacho
837 3950 1027 4043 apposuisse
1041 3963 1164 4018 nostro.
