3325 5342
209 713 284 774 ms
376 664 685 778 sarraaauu
716 710 874 778 arana
906 714 954 779 11.
988 712 1019 781 s.
1119 714 1182 783 261

209 841 408 914 Nasidienus
421 839 464 908 ad
479 839 565 908 hac:
580 839 680 908 «Tibi
694 839 760 925 Di,
773 864 989 934 quaecumque
1003 844 1163 935 preceris,

209 985 226 1020 a
236 953 421 1025 Commoda
431 949 525 1022 dent!
538 953 584 1021 ita
592 953 759 1022 virbonus
769 978 820 1039 es,
829 956 1032 1050 oonvivaque
1041 954 1160 1026 comis!
1173 988 1189 1022 s

210 1074 254 1139 Et
267 1069 370 1139 soleas
384 1068 499 1161 poscit.
513 1071 599 1136 Tum
614 1068 648 1135 in
663 1066 748 1135 lecto
762 1091 895 1161 quoque
908 1070 1036 1140 videres

211 1182 357 1251 Stridere
371 1194 494 1250 secreta
508 1179 631 1247 divisos
644 1203 723 1247 aure
737 1202 901 1249 susurros.

596 1316 808 1362 nourrius.

212 1404 332 1478 Nullos
344 1406 396 1474 bis
409 1403 540 1473 mallem
556 1402 651 1473 ludos
665 1418 843 1498 spectasse3
857 1406 912 1473 sed
928 1404 983 1475 illa

214 1519 344 1606 Redde,
357 1543 436 1612 age,
449 1542 522 1611 quse
536 1517 689 1610 deinceps
704 1516 813 1586 risisti.

581 1654 823 1702 annuamus.

826 1743 982 1813 Vibidius
995 1744 1075 1813 dum

215 1856 342 1946 Quaerit
354 1855 395 1924 de
408 1856 538 1949 pueris,
551 1879 632 1925 num
646 1856 689 1924 sit
704 1878 836 1949 quoque
849 1855 953 1924 fracta
968 1855 1100 1950 lagena,

207 1969 317 2058 ¹Quod
329 1968 392 2038 sibi
406 1969 555 2062 poscenti
568 1994 636 2038 non
652 1968 774 2037 dentur
786 1968 924 2062 poeula3
937 1969 1082 2064 dumque

215 2081 357 2152 Ridetur
370 2080 456 2151 fictis
469 2107 599 2169 rerum,
612 2080 789 2151 Balatrone
803 2083 966 2171 secunde,

216 2194 411 2281 Nasidiene,
425 2195 512 2264 redis
526 2210 661 2264 mutatae
674 2195 811 2281 frontis,
824 2209 862 2264 ut
875 2210 946 2264 arte

216 2307 459 2378 Emendaturus
472 2309 650 2378 fortunam.
665 2308 796 2379 Deinde
810 2310 913 2378 secuti

216 2425 416 2491 Mazonomo
428 2423 523 2517 pueri
538 2447 661 2517 magno
675 2422 837 2516 discerpta
853 2422 993 2491 ferentes

217 2536 369 2605 Membra
385 2537 493 2630 gruis,
506 2538 611 2630 sparsi
625 2534 692 2605 sale
706 2536 812 2605 multo
827 2561 895 2605 non
910 2537 980 2605 sine
995 2536 1099 2622 farre,

218 2649 402 2742 Pinguibus
415 2664 448 2718 et
461 2649 532 2718 licis
545 2664 677 2744 pastum
687 2650 783 2743 jecur
795 2651 921 2719 anseris
933 2650 1020 2736 albi,

219 2765 262 2830 Et
275 2760 425 2856 leporum
440 2762 588 2849 avulsos,
601 2778 640 2832 ut
652 2762 757 2833 multo
772 2765 922 2849 suavius,
935 2788 1063 2849 armos,

220 2877 331 2964 Quam
346 2878 373 2945 si
387 2902 463 2946 oum
476 2876 600 2946 lumbis
613 2878 687 2971 quis
700 2879 778 2947 edit.
792 2882 878 2946 Tum
892 2890 1024 2971 pectore
1039 2874 1156 2943 adusto

221 2988 374 3059 Vidimus
387 3004 421 3059 et
433 2989 575 3059 merulas
589 2991 687 3084 poni,
701 3005 733 3059 et
747 2995 818 3058 sine
831 2989 929 3058 clune
943 2989 1131 3084 palumbes,

222 3106 344 3171 Suaves
358 3129 427 3191 res,
441 3105 468 3172 si
482 3129 549 3172 non
564 3129 679 3173 causas
692 3118 844 3172 narraret
857 3129 972 3172 earum
985 3118 1018 3172 et

223 3216 368 3285 Naturas
383 3216 554 3304 dominus;
567 3242 665 3310 quem
680 3242 741 3285 nos
755 3218 803 3286 sie
816 3217 963 3311 sugimus
977 3216 1056 3301 ulti,

224 3329 273 3396 Ut
286 3327 369 3396 nihil
382 3331 519 3399 omnino
534 3347 756 3425 gustaremus,
768 3330 859 3400 velut
874 3329 938 3399 illis

225 3441 367 3512 Canidia
379 3443 537 3532 afflasset,
549 3445 643 3540 pejor
657 3446 863 3539 serpentibus
876 3444 972 3514 Afris.
