3325 5342
406 626 413 633 '
464 593 530 689 196
687 592 729 677 Q.
761 587 985 663 Honnrlr
1018 585 1214 652 FLACCI
1367 603 1391 633 v.
1412 603 1443 633 υ

458 724 586 796 Delatis
599 721 706 815 capsis
719 735 753 789 et
768 712 927 811 imagine!
943 718 1058 803 Quum
1073 737 1145 782 mea
1161 739 1259 782 nemo

459 839 588 931 Scripta
603 834 708 929 legat,
720 831 821 925 vulgo
836 829 975 897 recitare
989 827 1155 921 timentis,
1168 827 1212 894 ob
1227 828 1314 897 hanc
1329 854 1416 915 rem,

459 949 561 1040 Quod
569 962 645 1017 sunt
652 970 735 1040 quos
743 967 848 1037 genus
854 940 919 1010 boc
926 941 1063 1009 minime
1067 940 1223 1033 juvat‚ut
1231 942 1426 1036 poteplures

460 1063 599 1156 Culpari
614 1061 741 1153 dignos.
757 1056 918 1146 Quemvis
931 1054 1039 1123 media
1053 1053 1139 1148 elige
1153 1056 1269 1139 turba;

461 1184 529 1247 Aut
542 1177 585 1244 ob
599 1173 789 1257 avaritiam,
803 1185 862 1238 aut
876 1169 995 1237 misera
1010 1169 1192 1237 ambitione
1205 1168 1342 1237 laborat.

460 1292 523 1359 Hic
537 1302 717 1382 nuptarum
732 1285 856 1353 insanit
870 1283 1057 1369 amoribus,
1071 1283 1125 1351 bic
1139 1308 1337 1376 puerorum,

461 1408 559 1472 Hunc
572 1402 661 1494 capit
675 1399 804 1494 argenti
819 1396 994 1491 splendor;
1007 1411 1118 1490 stupet
1132 1395 1249 1465 Albius
1261 1422 1341 1481 tare,

461 1516 525 1584 Hic
537 1527 646 1583 mutat
659 1536 783 1580 merces
796 1524 953 1604 surgente
966 1507 1068 1579 asole
1083 1508 1125 1577 ad
1139 1534 1233 1594 eum,
1247 1533 1314 1602 quo

462 1626 660 1719 Vespertina
675 1638 763 1716 tepet
778 1624 888 1716 regio,
901 1622 983 1715 quin
998 1645 1058 1715 per
1072 1621 1159 1690 mala
1174 1646 1317 1715 praeceps

463 1744 596 1824 Fertur,
610 1738 659 1806 uti
674 1735 783 1830 pulvis
795 1733 953 1804 collectus
966 1735 1118 1819 turbine,
1130 1760 1173 1803 ne
1186 1734 1267 1828 quid

462 1856 598 1921 Summa
612 1847 789 1941 deperdat,
802 1860 970 1932 metuens,
984 1860 1042 1914 aut
1055 1845 1192 1940 ampliet
1206 1861 1243 1914 ut
1258 1873 1346 1915 rem:

464 1968 589 2034 Omnes
603 1961 639 2028 hi
653 1974 806 2028 metuunt
820 1984 951 2044 versus,
964 1959 1065 2028 odere
1078 1975 1200 2052 poetas.
1215 2002 1263 2012 —

464 2083 490 2147 F
491 2101 603 2145 oenum
613 2075 713 2143 habet
722 2074 757 2142 in
767 2098 889 2161 cornu,
898 2072 997 2167 longe
1007 2072 1100 2167 fuge,
1109 2073 1291 2143 dummodo
1301 2075 1401 2142 risum

465 2191 619 2261 Excutiat
632 2188 713 2273 sibi,
727 2212 794 2255 non
808 2187 864 2255 bic
878 2188 1033 2280 cuiquam
1048 2202 1160 2280 parcet
1174 2189 1298 2274 amico,

465 2309 526 2389 Et,
538 2301 771 2397 quodcumque
785 2300 885 2370 semel
900 2300 1023 2369 chartis
1038 2298 1194 2387 illeverit,
1208 2326 1322 2370 omnes
1336 2353 1338 2356 -

467 2419 595 2489 Gestiet
608 2441 628 2485 a
642 2416 741 2484 furno
756 2414 931 2484 redeuutes
945 2416 1029 2482 scire
1043 2412 1198 2508 lacuque,

468 2535 510 2600 Et
524 2554 644 2625 pueros
657 2544 690 2597 et
702 2528 1026 2622 anus-Agedum,
1040 2553 1145 2623 pauca
1157 2530 1269 2622 accipe
1282 2543 1415 2596 contra:

468 2645 616 2723 Primum
630 2668 693 2738 ego
707 2667 760 2711 me
774 2641 927 2726 illorum,
941 2642 1089 2711 dederim
1104 2643 1225 2737 quibus
1238 2667 1307 2711 esse
1321 2658 1452 2736 poetas,

468 2762 650 2852 Excerpam
663 2781 812 2829 numero.
826 2759 944 2851 Neque
957 2757 1047 2825 enim
1060 2756 1257 2825 concludere
1266 2781 1399 2837 vversum

469 2872 603 2942 Dixeris
615 2896 685 2943 esse
699 2871 796 2956 satis3
810 2895 935 2963 neque,
948 2871 975 2938 si
990 2871 1065 2963 quis
1079 2871 1219 2957 scribat,
1234 2872 1282 2939 uti
1297 2896 1374 2953 nos,

469 2987 619 3056 Sermoni
634 2986 809 3080 propiora,
822 3001 918 3078 putes
931 2984 1020 3053 bunc
1033 3009 1102 3054 esse
1116 3001 1256 3078 poetam.

471 3101 645 3195 Ingenium
660 3100 712 3168 cui
727 3100 787 3187 sit,
800 3100 854 3169 cui
868 3124 961 3169 mens
976 3098 1135 3186 divinior,
1148 3114 1247 3193 atque
1260 3125 1297 3168 os

470 3219 595 3309 Magna
608 3229 821 3300 sonaturum‚
836 3214 893 3283 des
907 3215 1052 3282 nominis
1066 3213 1165 3308 hujus
1179 3214 1348 3282 honorem.

520 3327 648 3399 Idcirco
661 3326 815 3422 quidam,
829 3327 991 3396 comoedia
1006 3352 1108 3396 necne
1123 3352 1240 3420 poema

471 3443 582 3526 Esset,
595 3440 790 3535 quaesivere,
804 3439 895 3533 quod
909 3464 985 3508 acer
999 3441 1134 3533 spiritus
1148 3465 1186 3508 ac
1198 3440 1260 3508 vis'

472 3554 542 3623 Nec
554 3552 663 3620 verbis
677 3577 738 3621 nec
751 3551 850 3621 rebus
864 3552 966 3637 inest,
979 3551 1042 3620 nisi
1057 3552 1146 3645 quod
1161 3552 1243 3646 pede
1256 3565 1346 3619 certo

380 3652 385 3666 ¹
473 3663 597 3733 Differt
609 3664 771 3749 sermoni,
785 3689 895 3733 sermo
908 3688 1029 3732 merus.
1044 3705 1093 3715 —
1106 3668 1151 3733 At
1165 3678 1257 3758 pater
1267 3663 1389 3732 ,ardens

473 3778 588 3863 saevit,
601 3777 691 3870 quod
706 3779 878 3847 meretrice
893 3802 995 3871 nepos
1009 3777 1263 3846 insauusamica

474 3886 594 3973 Filius,
607 3913 742 3956 uxorem
759 3891 877 3983 grandi
892 3915 968 3961 curn
984 3889 1060 3963 dote
1075 3905 1218 3974 recuset,

475 4000 595 4069 Ebrius
608 4013 657 4086 et,
671 4026 830 4095 magnum
844 4002 934 4095 quod
949 4002 1108 4088 dedecus,
1121 4000 1268 4071 ambulet
1280 4014 1358 4068 ante
