<?xml version="1.0" encoding="UTF-8"?>
<!DOCTYPE html PUBLIC "-//W3C//DTD XHTML 1.0 Transitional//EN"
    "http://www.w3.org/TR/xhtml1/DTD/xhtml1-transitional.dtd">
<html xmlns="http://www.w3.org/1999/xhtml" xml:lang="en" lang="en">
 <head>
  <title>
</title>
<meta http-equiv="Content-Type" content="text/html;charset=utf-8" />
  <meta name='ocr-system' content='tesseract 3.04.00' />
  <meta name='ocr-capabilities' content='ocr_page ocr_carea ocr_par ocr_line ocrx_word'/>
</head>
<body>
  <div class='ocr_page' id='page_1' title='image "./quintushoratius00didogoog_0142.png"; bbox 0 0 3325 5342; ppageno 0'>
   <div class='ocr_carea' id='block_1_1' title="bbox 428 702 1178 925">
    <p class='ocr_par' dir='ltr' id='par_1_1' title="bbox 428 702 1178 925">
     <span class='ocr_line' id='line_1_1' title="bbox 428 702 1178 791; baseline 0.003 -20"><span class='ocrx_word' id='word_1_1' title='bbox 428 708 493 788; x_wconf 64' lang='lat'><strong>124</strong></span> <span class='ocrx_word' id='word_1_2' title='bbox 649 704 692 791; x_wconf 86' lang='lat' dir='ltr'><strong>Q.</strong></span> <span class='ocrx_word' id='word_1_3' title='bbox 724 702 950 770; x_wconf 81' lang='lat' dir='ltr'><strong>HORATII</strong></span> <span class='ocrx_word' id='word_1_4' title='bbox 982 704 1178 773; x_wconf 78' lang='lat' dir='ltr'>FLACCI</span> 
     </span>
     <span class='ocr_line' id='line_1_2' title="bbox 638 831 1092 925; baseline -0.004 -23"><span class='ocrx_word' id='word_1_5' title='bbox 638 837 696 919; x_wconf 86' lang='lat' dir='ltr'><strong>Et,</strong></span> <span class='ocrx_word' id='word_1_6' title='bbox 710 831 910 925; x_wconf 73' lang='lat' dir='ltr'><strong>quandoque</strong></span> <span class='ocrx_word' id='word_1_7' title='bbox 925 834 1092 925; x_wconf 86' lang='lat' dir='ltr'><strong>potentior</strong></span> 
     </span>
    </p>
   </div>
   <div class='ocr_carea' id='block_1_2' title="bbox 402 945 1283 3419">
    <p class='ocr_par' dir='ltr' id='par_1_2' title="bbox 542 945 1134 1153">
     <span class='ocr_line' id='line_1_3' title="bbox 542 945 1134 1042; baseline 0 -26"><span class='ocrx_word' id='word_1_8' title='bbox 542 947 661 1042; x_wconf 81' lang='lat' dir='ltr'><strong>Largis</strong></span> <span class='ocrx_word' id='word_1_9' title='bbox 675 945 868 1014; x_wconf 83' lang='lat' dir='ltr'><strong>muneribus</strong></span> <span class='ocrx_word' id='word_1_10' title='bbox 884 947 993 1015; x_wconf 80' lang='lat' dir='ltr'><strong>riserit</strong></span> <span class='ocrx_word' id='word_1_11' title='bbox 1007 946 1134 1035; x_wconf 84' lang='lat' dir='ltr'><strong>aemuii,</strong></span> 
     </span>
     <span class='ocr_line' id='line_1_4' title="bbox 641 1057 1058 1153; baseline 0.005 -26"><span class='ocrx_word' id='word_1_12' title='bbox 641 1058 789 1128; x_wconf 81' lang='lat' dir='ltr'><strong>Albanos</strong></span> <span class='ocrx_word' id='word_1_13' title='bbox 803 1083 907 1153; x_wconf 86' lang='lat' dir='ltr'><strong>prope</strong></span> <span class='ocrx_word' id='word_1_14' title='bbox 920 1073 953 1128; x_wconf 89' lang='lat' dir='ltr'><strong>te</strong></span> <span class='ocrx_word' id='word_1_15' title='bbox 967 1057 1058 1129; x_wconf 79' lang='lat' dir='ltr'><strong>lacus</strong></span> 
     </span>
    </p>

    <p class='ocr_par' dir='ltr' id='par_1_3' title="bbox 542 1174 1206 1379">
     <span class='ocr_line' id='line_1_5' title="bbox 542 1174 1206 1259; baseline 0.002 -17"><span class='ocrx_word' id='word_1_16' title='bbox 542 1177 647 1242; x_wconf 87' lang='lat' dir='ltr'><strong>Ponet</strong></span> <span class='ocrx_word' id='word_1_17' title='bbox 660 1196 898 1259; x_wconf 76' lang='lat' dir='ltr'><strong>marmoream,</strong></span> <span class='ocrx_word' id='word_1_18' title='bbox 912 1174 973 1242; x_wconf 87' lang='lat' dir='ltr'><strong>snb</strong></span> <span class='ocrx_word' id='word_1_19' title='bbox 988 1174 1083 1242; x_wconf 85' lang='lat' dir='ltr'><strong>trabe</strong></span> <span class='ocrx_word' id='word_1_20' title='bbox 1097 1174 1206 1244; x_wconf 83' lang='lat' dir='ltr'><strong>citrea.</strong></span> 
     </span>
     <span class='ocr_line' id='line_1_6' title="bbox 639 1284 1021 1379; baseline 0 -25"><span class='ocrx_word' id='word_1_21' title='bbox 639 1284 712 1354; x_wconf 79' lang='lat' dir='ltr'><strong>Illic</strong></span> <span class='ocrx_word' id='word_1_22' title='bbox 726 1284 870 1379; x_wconf 87' lang='lat' dir='ltr'><strong>plurima</strong></span> <span class='ocrx_word' id='word_1_23' title='bbox 885 1286 1021 1354; x_wconf 88' lang='lat' dir='ltr'><strong>naribus</strong></span> 
     </span>
    </p>

    <p class='ocr_par' dir='ltr' id='par_1_4' title="bbox 543 1397 1223 1580">
     <span class='ocr_line' id='line_1_7' title="bbox 543 1397 1223 1492; baseline 0.001 -25"><span class='ocrx_word' id='word_1_24' title='bbox 543 1402 653 1467; x_wconf 82' lang='lat' dir='ltr'><strong>Duoes</strong></span> <span class='ocrx_word' id='word_1_25' title='bbox 666 1399 782 1483; x_wconf 83' lang='lat' dir='ltr'><strong>thura,</strong></span> <span class='ocrx_word' id='word_1_26' title='bbox 796 1397 939 1491; x_wconf 78' lang='lat' dir='ltr'><strong>lyroeque</strong></span> <span class='ocrx_word' id='word_1_27' title='bbox 952 1412 985 1465; x_wconf 88' lang='lat' dir='ltr'><strong>et</strong></span> <span class='ocrx_word' id='word_1_28' title='bbox 999 1400 1223 1492; x_wconf 85' lang='lat' dir='ltr'><strong>Berecynthiae</strong></span> 
     </span>
     <span class='ocr_line' id='line_1_8' title="bbox 637 1509 956 1580; baseline -0.006 0"><span class='ocrx_word' id='word_1_29' title='bbox 637 1509 852 1580; x_wconf 79' lang='lat' dir='ltr'><strong>Delectabere</strong></span> <span class='ocrx_word' id='word_1_30' title='bbox 866 1510 956 1578; x_wconf 85' lang='lat' dir='ltr'><strong>tibiae</strong></span> 
     </span>
    </p>

    <p class='ocr_par' dir='ltr' id='par_1_5' title="bbox 540 1620 1186 1829">
     <span class='ocr_line' id='line_1_9' title="bbox 540 1620 1186 1710; baseline 0 -18"><span class='ocrx_word' id='word_1_31' title='bbox 540 1624 654 1693; x_wconf 87' lang='lat' dir='ltr'><strong>Mixtis</strong></span> <span class='ocrx_word' id='word_1_32' title='bbox 667 1623 886 1710; x_wconf 57' lang='lat' dir='ltr'><strong>carminibus,</strong></span> <span class='ocrx_word' id='word_1_33' title='bbox 902 1648 968 1692; x_wconf 93' lang='lat' dir='ltr'><strong>non</strong></span> <span class='ocrx_word' id='word_1_34' title='bbox 983 1624 1053 1692; x_wconf 84' lang='lat' dir='ltr'><strong>sine</strong></span> <span class='ocrx_word' id='word_1_35' title='bbox 1067 1620 1186 1692; x_wconf 69' lang='lat' dir='ltr'><strong>fistulo</strong></span> 
     </span>
     <span class='ocr_line' id='line_1_10' title="bbox 636 1734 950 1829; baseline -0.003 -25"><span class='ocrx_word' id='word_1_36' title='bbox 636 1736 709 1804; x_wconf 85' lang='lat' dir='ltr'><strong>lliic</strong></span> <span class='ocrx_word' id='word_1_37' title='bbox 723 1736 774 1804; x_wconf 89' lang='lat' dir='ltr'><strong>bis</strong></span> <span class='ocrx_word' id='word_1_38' title='bbox 787 1735 881 1829; x_wconf 88' lang='lat' dir='ltr'><strong>pueri</strong></span> <span class='ocrx_word' id='word_1_39' title='bbox 897 1734 950 1803; x_wconf 88' lang='lat' dir='ltr'><strong>die</strong></span> 
     </span>
    </p>

    <p class='ocr_par' dir='ltr' id='par_1_6' title="bbox 540 1848 1209 2056">
     <span class='ocr_line' id='line_1_11' title="bbox 540 1848 1209 1943; baseline 0.001 -24"><span class='ocrx_word' id='word_1_40' title='bbox 540 1853 670 1920; x_wconf 84' lang='lat' dir='ltr'><strong>Numen</strong></span> <span class='ocrx_word' id='word_1_41' title='bbox 686 1873 762 1917; x_wconf 88' lang='lat' dir='ltr'><strong>cum</strong></span> <span class='ocrx_word' id='word_1_42' title='bbox 778 1848 899 1917; x_wconf 87' lang='lat' dir='ltr'><strong>teneris</strong></span> <span class='ocrx_word' id='word_1_43' title='bbox 913 1850 1100 1943; x_wconf 84' lang='lat' dir='ltr'><strong>virginibus</strong></span> <span class='ocrx_word' id='word_1_44' title='bbox 1115 1865 1209 1920; x_wconf 89' lang='lat' dir='ltr'><strong>tuum</strong></span> 
     </span>
     <span class='ocr_line' id='line_1_12' title="bbox 635 1961 1096 2056; baseline 0.007 -26"><span class='ocrx_word' id='word_1_45' title='bbox 635 1961 841 2049; x_wconf 61' lang='lat' dir='ltr'><strong>laudantes,</strong></span> <span class='ocrx_word' id='word_1_46' title='bbox 856 1961 939 2056; x_wconf 85' lang='lat' dir='ltr'><strong>pede</strong></span> <span class='ocrx_word' id='word_1_47' title='bbox 952 1961 1096 2033; x_wconf 76' lang='lat' dir='ltr'><strong>‹nndido</strong></span> 
     </span>
    </p>

    <p class='ocr_par' dir='ltr' id='par_1_7' title="bbox 539 2074 1251 2283">
     <span class='ocr_line' id='line_1_13' title="bbox 539 2074 1251 2170; baseline 0.004 -28"><span class='ocrx_word' id='word_1_48' title='bbox 539 2077 578 2143; x_wconf 91' lang='lat' dir='ltr'><strong>In</strong></span> <span class='ocrx_word' id='word_1_49' title='bbox 593 2099 719 2143; x_wconf 85' lang='lat' dir='ltr'><strong>morem</strong></span> <span class='ocrx_word' id='word_1_50' title='bbox 732 2074 859 2145; x_wconf 86' lang='lat' dir='ltr'><strong>Salium</strong></span> <span class='ocrx_word' id='word_1_51' title='bbox 874 2091 925 2145; x_wconf 92' lang='lat' dir='ltr'><strong>ter</strong></span> <span class='ocrx_word' id='word_1_52' title='bbox 938 2078 1088 2170; x_wconf 87' lang='lat' dir='ltr'><strong>quatient</strong></span> <span class='ocrx_word' id='word_1_53' title='bbox 1102 2077 1251 2145; x_wconf 86' lang='lat' dir='ltr'><strong>humum.</strong></span> 
     </span>
     <span class='ocr_line' id='line_1_14' title="bbox 634 2189 1096 2283; baseline 0.002 -27"><span class='ocrx_word' id='word_1_54' title='bbox 634 2190 691 2256; x_wconf 90' lang='lat' dir='ltr'><strong>Me</strong></span> <span class='ocrx_word' id='word_1_55' title='bbox 705 2213 766 2257; x_wconf 86' lang='lat' dir='ltr'><strong>nec</strong></span> <span class='ocrx_word' id='word_1_56' title='bbox 780 2189 922 2275; x_wconf 84' lang='lat' dir='ltr'><strong>femina,</strong></span> <span class='ocrx_word' id='word_1_57' title='bbox 936 2213 997 2257; x_wconf 86' lang='lat' dir='ltr'><strong>nec</strong></span> <span class='ocrx_word' id='word_1_58' title='bbox 1012 2213 1096 2283; x_wconf 85' lang='lat' dir='ltr'><strong>puer</strong></span> 
     </span>
    </p>

    <p class='ocr_par' dir='ltr' id='par_1_8' title="bbox 539 2300 1198 2508">
     <span class='ocr_line' id='line_1_15' title="bbox 539 2300 1198 2395; baseline -0.002 -26"><span class='ocrx_word' id='word_1_59' title='bbox 539 2304 630 2386; x_wconf 77' lang='lat' dir='ltr'><strong>inm,</strong></span> <span class='ocrx_word' id='word_1_60' title='bbox 643 2325 704 2369; x_wconf 85' lang='lat' dir='ltr'><strong>nec</strong></span> <span class='ocrx_word' id='word_1_61' title='bbox 718 2325 792 2395; x_wconf 75' lang='lat' dir='ltr'><strong>spes</strong></span> <span class='ocrx_word' id='word_1_62' title='bbox 805 2301 909 2369; x_wconf 82' lang='lat' dir='ltr'><strong>animi</strong></span> <span class='ocrx_word' id='word_1_63' title='bbox 923 2300 1057 2374; x_wconf 84' lang='lat' dir='ltr'><strong>credula</strong></span> <span class='ocrx_word' id='word_1_64' title='bbox 1072 2302 1198 2388; x_wconf 88' lang='lat' dir='ltr'><strong>mutui,</strong></span> 
     </span>
     <span class='ocr_line' id='line_1_16' title="bbox 635 2415 1076 2508; baseline 0 -25"><span class='ocrx_word' id='word_1_65' title='bbox 635 2417 706 2483; x_wconf 86' lang='lat' dir='ltr'><strong>Nec</strong></span> <span class='ocrx_word' id='word_1_66' title='bbox 719 2429 846 2483; x_wconf 78' lang='lat' dir='ltr'><strong>certare</strong></span> <span class='ocrx_word' id='word_1_67' title='bbox 856 2415 952 2508; x_wconf 79' lang='lat' dir='ltr'><strong>juvat</strong></span> <span class='ocrx_word' id='word_1_68' title='bbox 965 2439 1076 2501; x_wconf 86' lang='lat' dir='ltr'><strong>mero,</strong></span> 
     </span>
    </p>

    <p class='ocr_par' dir='ltr' id='par_1_9' title="bbox 540 2527 1181 2738">
     <span class='ocr_line' id='line_1_17' title="bbox 540 2527 1181 2622; baseline -0.003 -24"><span class='ocrx_word' id='word_1_69' title='bbox 540 2529 610 2598; x_wconf 84' lang='lat' dir='ltr'><strong>Nec</strong></span> <span class='ocrx_word' id='word_1_70' title='bbox 623 2528 748 2598; x_wconf 86' lang='lat' dir='ltr'><strong>vincire</strong></span> <span class='ocrx_word' id='word_1_71' title='bbox 758 2528 855 2597; x_wconf 86' lang='lat' dir='ltr'><strong>novis</strong></span> <span class='ocrx_word' id='word_1_72' title='bbox 869 2542 1019 2622; x_wconf 81' lang='lat' dir='ltr'><strong>tempora</strong></span> <span class='ocrx_word' id='word_1_73' title='bbox 1034 2527 1181 2597; x_wconf 83' lang='lat' dir='ltr'><strong>floribus.</strong></span> 
     </span>
     <span class='ocr_line' id='line_1_18' title="bbox 635 2639 1157 2738; baseline -0.002 -27"><span class='ocrx_word' id='word_1_74' title='bbox 635 2641 700 2711; x_wconf 78' lang='lat' dir='ltr'><strong>sed</strong></span> <span class='ocrx_word' id='word_1_75' title='bbox 715 2667 791 2729; x_wconf 86' lang='lat' dir='ltr'><strong>cur,</strong></span> <span class='ocrx_word' id='word_1_76' title='bbox 804 2639 888 2712; x_wconf 84' lang='lat' dir='ltr'><strong>heu!</strong></span> <span class='ocrx_word' id='word_1_77' title='bbox 905 2642 1083 2738; x_wconf 82' lang='lat' dir='ltr'><strong>Ligurine,</strong></span> <span class='ocrx_word' id='word_1_78' title='bbox 1097 2667 1157 2711; x_wconf 89' lang='lat' dir='ltr'><strong>eur</strong></span> 
     </span>
    </p>

    <p class='ocr_par' dir='ltr' id='par_1_10' title="bbox 540 2754 1209 2963">
     <span class='ocr_line' id='line_1_19' title="bbox 540 2754 1209 2850; baseline 0 -28"><span class='ocrx_word' id='word_1_79' title='bbox 540 2756 657 2824; x_wconf 82' lang='lat' dir='ltr'><strong>Manat</strong></span> <span class='ocrx_word' id='word_1_80' title='bbox 671 2780 745 2824; x_wconf 82' lang='lat' dir='ltr'><strong>rara</strong></span> <span class='ocrx_word' id='word_1_81' title='bbox 759 2781 850 2825; x_wconf 80' lang='lat' dir='ltr'><strong>meas</strong></span> <span class='ocrx_word' id='word_1_82' title='bbox 864 2755 999 2827; x_wconf 80' lang='lat' dir='ltr'><strong>lacrima</strong></span> <span class='ocrx_word' id='word_1_83' title='bbox 1014 2781 1074 2849; x_wconf 80' lang='lat' dir='ltr'><strong>por</strong></span> <span class='ocrx_word' id='word_1_84' title='bbox 1087 2754 1209 2850; x_wconf 82' lang='lat' dir='ltr'><strong>genas?</strong></span> 
     </span>
     <span class='ocr_line' id='line_1_20' title="bbox 636 2868 1130 2963; baseline -0.004 -26"><span class='ocrx_word' id='word_1_85' title='bbox 636 2872 707 2938; x_wconf 91' lang='lat' dir='ltr'><strong>Cur</strong></span> <span class='ocrx_word' id='word_1_86' title='bbox 720 2868 862 2938; x_wconf 78' lang='lat' dir='ltr'><strong>facunda</strong></span> <span class='ocrx_word' id='word_1_87' title='bbox 876 2893 994 2963; x_wconf 89' lang='lat' dir='ltr'><strong>parum</strong></span> <span class='ocrx_word' id='word_1_88' title='bbox 1009 2868 1130 2936; x_wconf 87' lang='lat' dir='ltr'><strong>deooro</strong></span> 
     </span>
    </p>

    <p class='ocr_par' dir='ltr' id='par_1_11' title="bbox 539 2979 1143 3191">
     <span class='ocr_line' id='line_1_21' title="bbox 539 2979 1143 3077; baseline -0.005 -27"><span class='ocrx_word' id='word_1_89' title='bbox 539 2983 631 3050; x_wconf 87' lang='lat' dir='ltr'><strong>Inter</strong></span> <span class='ocrx_word' id='word_1_90' title='bbox 643 2982 743 3051; x_wconf 83' lang='lat' dir='ltr'><strong>verba</strong></span> <span class='ocrx_word' id='word_1_91' title='bbox 756 2982 847 3051; x_wconf 83' lang='lat' dir='ltr'><strong>eadit</strong></span> <span class='ocrx_word' id='word_1_92' title='bbox 860 2981 974 3077; x_wconf 80' lang='lat' dir='ltr'><strong>lingua</strong></span> <span class='ocrx_word' id='word_1_93' title='bbox 988 2979 1143 3050; x_wconf 83' lang='lat' dir='ltr'><strong>silentio?</strong></span> 
     </span>
     <span class='ocr_line' id='line_1_22' title="bbox 634 3096 1044 3191; baseline -0.015 -23"><span class='ocrx_word' id='word_1_94' title='bbox 634 3096 815 3168; x_wconf 85' lang='lat' dir='ltr'><strong>Nocturnis</strong></span> <span class='ocrx_word' id='word_1_95' title='bbox 829 3121 892 3191; x_wconf 84' lang='lat' dir='ltr'><strong>ego</strong></span> <span class='ocrx_word' id='word_1_96' title='bbox 906 3096 1044 3165; x_wconf 81' lang='lat' dir='ltr'><strong>somniis</strong></span> 
     </span>
    </p>

    <p class='ocr_par' dir='ltr' id='par_1_12' title="bbox 402 3206 1283 3305">
     <span class='ocr_line' id='line_1_23' title="bbox 402 3206 1283 3305; baseline -0.002 -27"><span class='ocrx_word' id='word_1_97' title='bbox 402 3289 410 3298; x_wconf 49' lang='grc'>,</span> <span class='ocrx_word' id='word_1_98' title='bbox 538 3212 610 3278; x_wconf 79' lang='lat' dir='ltr'><strong>Jnm</strong></span> <span class='ocrx_word' id='word_1_99' title='bbox 625 3225 758 3305; x_wconf 83' lang='lat' dir='ltr'><strong>captum</strong></span> <span class='ocrx_word' id='word_1_100' title='bbox 773 3225 886 3296; x_wconf 86' lang='lat' dir='ltr'><strong>teneo,</strong></span> <span class='ocrx_word' id='word_1_101' title='bbox 896 3210 966 3303; x_wconf 83' lang='lat' dir='ltr'><strong>jam</strong></span> <span class='ocrx_word' id='word_1_102' title='bbox 980 3206 1147 3277; x_wconf 86' lang='lat' dir='ltr'><strong>volucrem</strong></span> <span class='ocrx_word' id='word_1_103' title='bbox 1162 3232 1283 3302; x_wconf 84' lang='lat' dir='ltr'><strong>sequor</strong></span> 
     </span>
    </p>

    <p class='ocr_par' dir='ltr' id='par_1_13' title="bbox 634 3322 1050 3419">
     <span class='ocr_line' id='line_1_24' title="bbox 634 3322 1050 3419; baseline -0.007 -26"><span class='ocrx_word' id='word_1_104' title='bbox 634 3328 681 3393; x_wconf 86' lang='lat' dir='ltr'><strong>Te</strong></span> <span class='ocrx_word' id='word_1_105' title='bbox 696 3349 756 3417; x_wconf 87' lang='lat' dir='ltr'><strong>per</strong></span> <span class='ocrx_word' id='word_1_106' title='bbox 770 3325 922 3419; x_wconf 82' lang='lat' dir='ltr'><strong>gramina</strong></span> <span class='ocrx_word' id='word_1_107' title='bbox 935 3322 1050 3392; x_wconf 81' lang='lat' dir='ltr'><strong>Martii</strong></span> 
     </span>
    </p>
   </div>
   <div class='ocr_carea' id='block_1_3' title="bbox 539 3403 1227 3534">
    <p class='ocr_par' dir='ltr' id='par_1_14' title="bbox 539 3403 1227 3534">
     <span class='ocr_line' id='line_1_25' title="bbox 539 3403 1227 3534; baseline -0.003 -30"><span class='ocrx_word' id='word_1_108' title='bbox 539 3437 674 3530; x_wconf 83' lang='lat' dir='ltr'><strong>Campi,</strong></span> <span class='ocrx_word' id='word_1_109' title='bbox 688 3453 721 3505; x_wconf 85' lang='lat' dir='ltr'><strong>te</strong></span> <span class='ocrx_word' id='word_1_110' title='bbox 735 3463 795 3531; x_wconf 88' lang='lat' dir='ltr'><strong>per</strong></span> <span class='ocrx_word' id='word_1_111' title='bbox 808 3463 929 3534; x_wconf 70' lang='lat' dir='ltr'><strong>aqiras,</strong></span> <span class='ocrx_word' id='word_1_112' title='bbox 942 3403 1227 3524; x_wconf 38' lang='lat' dir='ltr'><strong>dureffvoiubiies.</strong></span> 
     </span>
    </p>
   </div>
   <div class='ocr_carea' id='block_1_4' title="bbox 0 0 1668 5342">
    <p class='ocr_par' dir='ltr' id='par_1_15' title="bbox 0 0 1668 5342">
     <span class='ocr_line' id='line_1_26' title="bbox 0 0 1668 5342; baseline 0 2"><span class='ocrx_word' id='word_1_113' title='bbox 0 0 1668 5342; x_wconf 95' lang='lat' dir='ltr'><strong> </strong></span> 
     </span>
    </p>
   </div>
  </div>
 </body>
</html>
