3325 5342
404 573 473 643 328
631 561 1156 656 Q.·H0·RAT11FLACCI

403 701 465 772 Ille
478 713 569 795 tegat
582 696 774 780 commissa,
786 694 942 784 Deosque
955 705 1109 784 precetur
1121 707 1155 761 et
1168 708 1257 780 oret,

403 818 452 884 Ut
466 814 577 883 redeat
590 773 845 906 miserisQeat
858 803 992 872 fortuna
1006 805 1166 898 superbis.

453 925 549 995 Tibia
564 947 649 1008 non,
662 934 700 988 ut
713 942 820 1003 nunc,
834 915 1001 985 orichalco
1014 917 1143 1002 vincta,
1156 921 1311 1014 tubaeque

406 1037 554 1123 AEmula,
568 1035 625 1105 sed
638 1032 747 1102 tenuis
760 1029 964 1124 simplexque
979 1029 1141 1100 foramine
1155 1058 1261 1126 pauco

408 1133 587 1243 Adspirare
600 1161 632 1216 et
646 1145 758 1214 adesse
771 1144 882 1211 choris
896 1157 967 1210 erat
979 1142 1089 1228 utilis,
1102 1160 1201 1238 atque

407 1262 565 1334 Nondum
581 1261 684 1353 spissa
698 1259 797 1327 nimis
811 1255 977 1350 complere
990 1255 1105 1325 sedilia
1119 1258 1216 1345 ssatu3

409 1378 486 1465 Quo
501 1400 578 1445 sane
592 1373 735 1469 populus
749 1369 982 1456 numerabilis,
995 1384 1111 1464 utpote
1123 1396 1263 1465 parvus,

408 1495 450 1560 Et
464 1489 570 1583 frugi,
583 1503 756 1580 castusque
770 1484 1039 1577 verecundusque
1052 1484 1170 1554 coibat

409 1608 588 1697 Postquam
603 1602 700 1694 coepit
715 1624 812 1694 agros
826 1598 1002 1667 extendere
1015 1599 1136 1687 victor,
1149 1615 1182 1668 et
1198 1603 1324 1671 Urbem

409 1719 526 1788 Latior
538 1713 693 1809 amplecti
708 1737 842 1798 murus,
856 1713 999 1806 vinoque
1014 1712 1134 1780 diurno

410 1828 537 1899 Placari
552 1827 679 1897 Genius
694 1825 783 1893 festis
798 1827 934 1919 impune
948 1825 1081 1912 diebus,

410 1942 555 2012 Accessit
567 1940 779 2032 numerisque
792 1939 967 2033 modisque
980 1937 1112 2008 licentia
1126 1943 1240 2034 major.

412 2055 571 2124 Indoctus
585 2052 665 2147 quid
679 2054 767 2120 enim
783 2067 927 2146 saperet,
941 2052 1089 2147 liberque
1103 2053 1271 2142 laborum,

413 2167 569 2236 Rusticus
582 2165 711 2233 urbano
724 2165 899 2250 confusus,
912 2166 1019 2259 turpis
1033 2166 1194 2236 honesto?

413 2280 468 2349 Sic
481 2279 597 2372 prisca
610 2293 805 2371 motumque
818 2293 852 2346 et
866 2277 1030 2347 luxuriam
1043 2279 1171 2348 addidit
1184 2284 1246 2350 arti

413 2393 569 2480 Tibicen,
582 2393 746 2488 traxitque
759 2418 863 2487 vagus
876 2417 936 2486 per
949 2391 1079 2486 pulpita
1092 2411 1223 2464 vestem.

413 2506 469 2575 Sic
481 2505 580 2573 etiam
594 2503 716 2573 fidibus
728 2530 824 2573 voces
838 2529 969 2573 crevere
982 2506 1120 2591 severis,

414 2623 458 2687 Et
470 2618 548 2688 tulit
560 2617 728 2712 eloquium
744 2617 913 2687 insolitum
927 2618 1083 2689 facundia
1095 2646 1255 2716 praeceps,

415 2731 624 2827 Utiliumque
637 2758 737 2827 sagax
752 2758 880 2816 rerum,
894 2746 926 2802 et
940 2733 1053 2802 divina
1067 2735 1188 2823 futuri,

415 2843 587 2940 Sortilegis
601 2870 668 2915 non
683 2846 864 2940 discrepuit
877 2847 1038 2915 sententia
1050 2847 1199 2943 Delphis.

464 2960 621 3029 Carmine
634 2959 691 3053 qui
706 2960 833 3054 tragico
847 2959 944 3028 vilem
959 2962 1096 3029 certavit
1110 2962 1153 3030 ob
1167 2961 1314 3051 hircum,

415 3074 496 3141 Mox
509 3073 608 3141 etiarn
622 3087 766 3168 agrestes
779 3076 913 3167 Satyros
928 3074 1083 3160 nudavit,
1095 3090 1129 3144 et
1141 3101 1237 3170 asper

416 3184 579 3254 Incolumi
593 3188 753 3280 gravitate
762 3186 876 3280 jocum
891 3188 1046 3270 tentavit,
1059 3212 1098 3256 ec
1112 3190 1201 3282 qucd

415 3298 582 3369 Illecebris
594 3316 665 3369 erat
677 3316 711 3370 et
724 3314 818 3395 grata
833 3301 979 3370 novitate
993 3302 1174 3370 morandus

414 3415 601 3507 Spectator,
615 3414 814 3508 functusque
828 3415 948 3500 sacris,
960 3430 994 3483 et
1007 3431 1123 3510 potus,
1137 3432 1170 3485 et
1183 3416 1285 3486 exlex.

415 3530 540 3597 Verum
556 3529 600 3597 ita
616 3529 752 3615 risores,
767 3529 813 3598 ita
826 3528 1060 3598 commendare
1074 3529 1201 3599 dicaces

416 3642 599 3709 Conveniet
611 3645 761 3735 Satyros,
775 3643 821 3711 ita
835 3656 961 3711 vertere
974 3643 1057 3711 seria
1072 3642 1172 3730 ludo;

415 3754 466 3821 Ne
479 3754 678 3847 quicumque
692 3757 801 3838 Deus,
815 3755 1018 3849 quicumque
1031 3755 1245 3827 adhibebitur
1258 3759 1373 3845 heros,

415 3864 530 3960 Regali
545 3882 738 3960 conspectus
753 3869 787 3936 in
802 3895 884 3937 auro
898 3894 1005 3963 nuper
1017 3883 1050 3938 et
1064 3886 1173 3957 ostro,

414 3980 539 4072 Migret
553 3981 586 4048 in
602 3982 757 4052 obscuras
771 3983 890 4053 humili
905 4009 1056 4053 sermone
1070 3986 1241 4070 tabernas,
