3325 5342
228 695 304 751 v·t⁵
384 694 743 764 EPISTOLARUM
768 697 919 764 LIBER
944 698 970 763 1.
1001 697 1052 766 18.
1136 726 1204 795 297

228 825 375 895 lenibus
388 822 553 915 imperiis,
566 823 759 916 quotiesque
772 825 889 894 educet
902 825 936 893 in
950 850 1049 920 agros

228 937 345 1007 AEtolis
357 950 494 1005 onerata
506 934 983 1031 plagisjumenta‚canesque‚

228 1056 351 1146 Surge,
362 1064 396 1119 et
408 1050 597 1118 inhumanae
611 1049 739 1118 senium
754 1050 884 1144 depono
896 1056 1066 1140 Camenae,

229 1168 347 1235 Coenes
359 1179 397 1232 ut
410 1164 534 1258 pariter
545 1161 716 1256 pulmenta
730 1161 899 1233 laboribus
911 1182 1038 1260 empta,

230 1279 392 1347 Romanis
405 1275 563 1346 sollemne
575 1276 656 1344 viris
668 1300 771 1369 opus,
783 1276 864 1344 utile
878 1277 989 1366 famae,

229 1391 380 1483 Vitaeque
393 1405 426 1459 et
440 1390 614 1476 membris;
627 1389 808 1483 praesertim
824 1415 927 1482 quum
942 1391 1067 1479 valeas,
1078 1409 1110 1462 et

230 1502 291 1572 Vel
305 1528 404 1573 cursu
417 1529 572 1598 superare
585 1528 720 1587 canem,
732 1502 783 1571 vel
797 1503 923 1572 viribus
935 1530 1053 1598 aprum

199 1635 201 1638 ’
230 1616 348 1685 Possis.
361 1617 472 1704 Adde,
485 1616 595 1686 virilia
610 1616 701 1711 quod
715 1618 896 1710 speciosius
909 1642 1001 1687 arina

230 1731 306 1799 Nou
319 1731 437 1823 estqui
452 1745 579 1799 tractet.
592 1732 664 1800 Scis
677 1755 744 1824 quo
757 1729 903 1799 clamore
916 1712 1045 1800 coronae

229 1840 345 1911 Praelia
358 1844 518 1913 sustineas
530 1844 737 1937 campestria.
751 1844 907 1937 Denique
921 1868 1038 1912 saevam

230 1953 386 2024 Militiam
400 1981 482 2051 puer
495 1972 529 2026 et
542 1958 743 2027 Cantabrica
757 1954 845 2025 bella
859 1954 964 2024 tulisti

230 2065 299 2134 Sub
313 2065 413 2153 duce,
426 2069 483 2161 qui
498 2067 630 2163 templis
643 2068 844 2136 Parthorum
859 2067 953 2161 signa
968 2066 1077 2160 religit

231 2182 346 2266 Nune,
359 2195 410 2267 et,
423 2182 450 2249 si
464 2181 546 2275 quid
558 2181 667 2266 abest,
680 2180 774 2250 Italis
786 2180 958 2273 adjudicat
973 2182 1083 2249 armis.

230 2296 295 2379 Aa,
309 2318 349 2362 ne
363 2308 395 2362 te
409 2294 556 2364 retrahas
570 2311 603 2363 et
617 2292 851 2363 inexcusabilis
863 2293 968 2380 absis,

231 2406 391 2494 Quamvis
404 2405 451 2475 nil
466 2422 559 2476 extra
573 2434 749 2477 numerum
764 2407 879 2477 fecisse
891 2406 1094 2499 modumque

231 2523 353 2606 Cures,
366 2521 533 2590 interdum
549 2524 685 2617 nugaris
699 2547 776 2592 rure
790 2536 939 2615 paterno.

230 2635 376 2703 Partitur
388 2634 505 2706 lintres
518 2638 699 2724 exercitus3
713 2638 809 2706 Actia
822 2660 955 2730 pugna,

231 2749 277 2815 Te
290 2746 390 2832 duce,
403 2773 462 2842 per
475 2774 596 2842 pueros
609 2748 723 2818 hostili
737 2774 830 2818 more
844 2748 1005 2832 refertum

232 2859 445 2931 Adversarius
458 2877 508 2932 est
520 2863 641 2950 frater3
654 2861 763 2950 lacus,
774 2862 918 2947 Hadria3
931 2860 1036 2929 donec

232 2972 435 3042 Alterutrum
450 2975 545 3044 velox
558 2976 698 3045 victoria
713 2974 831 3043 fronde
844 2975 990 3043 coronet.
1038 2973 1041 2978 ⁴

232 3087 427 3156 Consentire
440 3089 507 3157 suis
522 3087 640 3157 studiis
654 3090 711 3182 qui
726 3085 905 3158 crediderit
919 3101 968 3167 te,

231 3202 354 3268 Fautor
368 3213 510 3294 utroque
524 3215 619 3269 tuum
633 3200 784 3271 laudabit
796 3200 917 3295 pollice
931 3198 1056 3268 ludum.

278 3312 436 3380 Protinus
448 3326 487 3381 ut
499 3338 670 3400 moneam,
682 3315 709 3383 si
723 3314 805 3408 quid
819 3312 996 3382 monitoris
1008 3333 1084 3402 eges
1098 3322 1153 3392 tu,

232 3424 342 3514 Quid,
356 3424 397 3494 de
411 3451 545 3521 quoque
557 3427 649 3513 viro,
661 3443 695 3497 et
708 3429 762 3498 cui
778 3428 886 3511 dieas,
900 3448 985 3517 saepe
997 3421 1117 3490 videto.

232 3541 499 3608 Percontatorem
514 3541 641 3635 fugit03
653 3566 732 3610 nam
746 3539 900 3635 garrulus
914 3535 1001 3604 idem
1015 3549 1082 3618 est,

231 3653 301 3721 Nec
315 3652 458 3722 retinent
470 3650 591 3747 patulae
603 3654 778 3722 commissa
794 3650 936 3720 fideliter
948 3672 1062 3730 aures,
1083 3655 1085 3658 ’

231 3768 273 3833 Et
287 3765 386 3835 semel
400 3766 557 3836 emissum
570 3765 660 3835 volat
675 3762 889 3835 irrevocabile
901 3760 1049 3829 verbum.

231 3881 305 3948 Non
320 3878 440 3948 ancilla
453 3894 549 3950 tuum
560 3882 656 3973 jecur
668 3877 794 3949 ulceret
805 3874 893 3961 ulla,
905 3896 1047 3967 puerve,

231 3993 322 4059 Intra
337 4014 561 4061 marmoreum
576 3990 754 4061 venerandi
769 3989 872 4057 limen
887 3985 1004 4066 amici3

231 4105 281 4172 Ne
295 4103 450 4172 dominus
464 4105 558 4200 pueri
571 4102 703 4202 pulchri
717 4126 840 4172 caraeve
854 4095 971 4194 puella
