3325 5342
259 572 335 619 v·²⁶
441 566 754 635 SATIRARUM
786 567 944 634 LIBER
977 567 1002 632 Ι.
1035 563 1067 632 6.
1178 563 1247 635 205

258 698 389 770 Invidia
403 696 565 780 accrevit,
578 694 708 787 privato
723 718 796 786 quae
810 694 920 762 minor
932 709 1026 763 esset.

258 818 344 885 Nam
358 809 550 904 utquisque
562 808 697 875 insanus
709 806 814 900 nigris
827 807 972 875 medium
985 809 1136 902 impediit
1147 834 1223 878 crus

258 926 422 1010 Pellibus,
434 938 468 991 et
483 921 587 991 latum
603 920 736 990 demisit
750 934 883 1013 pectore
897 920 1044 1006 clavum,

260 1039 365 1109 Audit
378 1036 541 1106 continuo
552 1035 655 1123 :Quis
669 1034 771 1101 homo
782 1032 861 1102 hic?
871 1037 1008 1122 et,Quo
1022 1051 1115 1127 patre
1130 1035 1248 1103 natus?

259 1156 307 1222 Ut
322 1152 349 1220 si
364 1150 422 1244 qui
436 1163 574 1242 aegrotet
588 1172 655 1240 quo
670 1147 788 1214 morbo
803 1150 943 1231 Barrus,
957 1146 1071 1215 haberi

260 1270 309 1335 Ut
323 1264 435 1356 cupiat
449 1261 632 1344 formosus,
645 1275 699 1329 eat
713 1285 940 1354 quacumque,
954 1261 1073 1354 puellis
1090 1274 1094 1287 ‘

262 1377 396 1471 lnjiciat
409 1398 522 1444 euram
538 1372 707 1467 quaerendi
721 1371 871 1466 singula,
885 1373 975 1466 quali

260 1491 310 1559 Sit
325 1489 426 1571 faeie,
440 1510 535 1568 sura,
549 1484 640 1578 quali
655 1484 757 1576 pede,
771 1483 887 1571 dente,
901 1485 1040 1580 capillo,

259 1603 332 1686 Sic,
346 1601 403 1693 qui
418 1599 586 1692 promittit
601 1599 706 1683 cives,
719 1597 847 1666 Urbem
863 1598 925 1666 sibi
939 1624 1043 1685 curae,

260 1714 441 1809 Imperium
457 1712 546 1798 fore,
561 1724 594 1780 et
608 1710 759 1796 Italiam,
774 1709 911 1780 delubra
926 1716 1094 1797 Deorum,

261 1832 338 1918 Quo
353 1841 446 1922 patre
460 1827 502 1894 sit
517 1839 633 1911 natus,
648 1850 729 1892 num
746 1825 859 1918 ignota
875 1841 980 1894 matre
995 1827 1205 1913 inhonestus,

262 1947 387 2012 Omnes
402 1937 559 2008 mortales
573 1963 691 2007 curare
704 1953 737 2006 et
751 1962 898 2031 quoerere
911 1954 1017 2032 cogat.
1034 1979 1081 1994 -

262 2060 356 2125 Tune
369 2054 460 2148 Syri,
473 2057 605 2137 Damae,
619 2053 833 2146 autDiouysi
847 2051 953 2138 filius,
966 2054 1068 2122 audes

263 2169 414 2262 Dejicere
428 2192 447 2236 e
461 2192 539 2236 saxo
553 2168 639 2236 cives
648 2182 728 2253 „aut
742 2166 874 2235 tradere
887 2166 1039 2236 Cadmo?
1051 2206 1100 2219 -

264 2285 309 2351 At
321 2281 450 2352 Novius
464 2279 589 2375 collega
605 2280 712 2374 gradu
726 2294 802 2373 post
816 2304 869 2348 me
882 2279 971 2348 sedet
986 2282 1072 2366 uno,

263 2393 643 2488 Namqueestille,pater
650 2394 741 2488 quod
748 2408 819 2462 erat
826 2392 1122 2463 meus.-Hoctibi
1130 2392 1251 2461 Paulus

263 2513 305 2578 Et
318 2507 459 2579 Messala
474 2507 617 2577 videris?
633 2512 677 2577 At
690 2509 764 2595 hie,
778 2509 805 2577 si
819 2507 1123 2602 plaustra'ducenta
1183 2518 1185 2521 ’

264 2626 540 2715 Concurrentque
555 2622 629 2691 foro
643 2623 708 2690 tria
722 2622 857 2707 funera,
871 2647 992 2716 magna
1007 2622 1138 2691 sonabit

264 2739 399 2805 Cornua
413 2735 504 2829 quod
519 2737 697 2829 vincatque
710 2736 825 2821 tubas,
839 2736 954 2805 saltem
970 2750 1058 2805 tenet
1073 2736 1136 2805 hoc
1150 2761 1219 2803 nos.

310 2852 409 2919 Nunc
422 2849 465 2917 ad
479 2874 532 2918 me
547 2849 666 2935 redeo,
681 2848 838 2919 libertino
851 2864 945 2943 patre
959 2864 1094 2933 natum,

264 2965 373 3050 Quem
388 2961 511 3032 rodunt
525 2988 640 3032 omues
655 2961 813 3032 libertino
827 2979 922 3057 patre
938 2978 1071 3050 natum,

264 3078 381 3162 Nunc,
394 3076 473 3169 quia
487 3077 549 3145 sim
565 3077 644 3163 tibi,
657 3080 840 3164 Maeeenas,
853 3077 1042 3162 convictor;
1056 3091 1089 3145 at
1103 3076 1201 3159 olim,

266 3188 369 3278 Quod
383 3189 465 3256 mihi
480 3206 609 3282 pareret
624 3190 712 3285 legio
725 3195 878 3260 Romana
892 3193 1038 3260 tribuno.

266 3299 437 3370 Dissimile
451 3300 515 3369 hoc
529 3300 578 3370 illi
592 3317 659 3390 est3
673 3305 752 3397 quia
767 3330 834 3373 non
850 3319 888 3372 ut
903 3304 998 3373 forsit
1012 3304 1172 3371 honorem

265 3420 346 3484 lure
360 3416 442 3483 mihi
458 3415 605 3485 invideat
618 3419 745 3511 quivis,
759 3420 806 3488 ita
820 3434 853 3489 te
866 3443 998 3513 quoque
1012 3418 1174 3501 amicum,

267 3528 451 3598 Pmsertim
466 3542 600 3597 cautum
616 3530 736 3625 dignos
749 3556 933 3617 assumere,
946 3555 1047 3624 prava
1082 3544 1085 3549 '

268 3641 458 3711 Ambitione
472 3642 599 3737 procul.
613 3644 756 3714 Felicem
771 3645 881 3714 dicere
893 3658 963 3712 non
978 3644 1041 3712 hoc

266 3757 323 3823 Me
336 3755 477 3848 possim,
490 3780 569 3825 casu
583 3758 675 3850 quod
690 3773 722 3828 te
736 3759 873 3827 sortitus
887 3759 1041 3826 amicum.

265 3866 367 3939 Nulla
380 3871 502 3938 etenim
517 3871 599 3939 mihi
616 3887 647 3940 te
662 3873 730 3941 fors
743 3871 884 3957 obtulit;
896 3871 1042 3964 optimus
1056 3869 1136 3937 olim

267 3981 446 4076 Virgilius,
459 3999 536 4077 post
549 3985 640 4054 bunc
654 3988 794 4087 Varius,
808 3986 920 4055 dixere
933 3985 1015 4078 quid
1029 3996 1152 4053 essem:
