3325 5342
224 622 249 654 v·
269 621 300 653 1⁰
380 601 742 671 EPISTOLARUM
768 601 917 671 LIBER
942 605 989 672 ΙΙ.
1016 631 1047 673 a.
1136 605 1205 677 313

222 746 239 781 n
248 715 356 787 Multa
370 715 471 785 fidem
484 713 647 808 promissa
660 712 786 800 levant,
799 715 858 784 ubi
871 715 1002 810 plenius
1015 742 1110 812 aequo

223 859 240 894 e
249 830 380 900 Laudat
392 827 541 914 venales,
554 828 613 922 qui
626 826 699 896 vult
710 830 903 917 extrudere,
916 857 1050 902 meroes.

224 975 241 1010 n
249 950 315 1015 Res
328 958 427 1040 urget
439 968 493 1012 me
506 939 616 1028 nulla3
630 967 705 1011 meo
719 968 793 1012 sum
806 969 934 1039 pauper
947 947 982 1015 in
995 973 1068 1017 aere.

224 1089 241 1123 u
250 1062 358 1131 Nemo
370 1058 435 1127 hoc
448 1081 653 1151 mangonum
667 1055 789 1126 faceret
801 1057 873 1128 tibi.
883 1061 960 1130 Non
972 1075 1094 1131 temere
1107 1087 1128 1130 a
1142 1087 1195 1131 rnc

225 1174 372 1263 «Quivis
386 1171 485 1240 ferret
500 1171 598 1240 idem.
612 1169 720 1240 Semel
735 1171 790 1240 hic
803 1175 959 1260 cessavit,
972 1191 1023 1262 et,
1036 1192 1073 1245 ut
1087 1176 1142 1265 lit,

225 1316 242 1350 α
252 1290 292 1355 ln
304 1282 400 1355 scalis
414 1282 511 1353 latuit
524 1297 674 1353 metuens
688 1283 863 1377 pendentis
876 1286 1021 1358 babeuae.

217 1428 242 1462 n
251 1401 321 1467 Des
335 1421 508 1482 nummos,
521 1410 656 1490 excepta
670 1393 755 1466 nihil
769 1408 802 1464 te
815 1397 843 1464 si
859 1397 937 1492 fuga
952 1397 1085 1470 laedat»

224 1510 286 1579 Ille
299 1510 383 1579 ferat
395 1510 559 1603 pretium,
573 1534 678 1604 poenae
692 1533 845 1595 securus,
858 1512 987 1605 opinor.

225 1623 374 1694 Prudens
386 1623 494 1691 emisti
509 1624 686 1710 vitiosum3
700 1623 788 1692 dicta
802 1624 863 1691 tibi
878 1640 927 1692 est
942 1624 1002 1696 lex.

225 1738 412 1831 lnsequeris
425 1751 535 1806 tamen
550 1738 658 1822 hunc,
671 1752 704 1806 et
718 1735 775 1806 lite
789 1739 930 1806 moraris
945 1739 1067 1834 iniqua.

272 1850 352 1919 Dixi
365 1874 418 1918 mc
432 1851 567 1945 pigrum
582 1851 805 1944 proficiscenti
819 1852 899 1938 tibi,
913 1851 981 1919 dixi

224 1960 361 2032 Talibus
374 1961 494 2031 officiis
509 1987 613 2058 prope
625 1988 783 2032 mancum
794 1988 804 2050 3
816 1988 858 2032 ne
872 1989 946 2032 mea
960 1989 1063 2033 saevus

225 2079 380 2169 iurgares
394 2074 436 2143 ad
450 2088 486 2143 to
495 2075 586 2168 quod
600 2074 739 2168 epistola
751 2074 844 2144 nulla
859 2076 994 2146 veniret.

225 2187 318 2275 Quid
333 2202 404 2257 turn
419 2188 563 2281 profeci,
577 2213 707 2258 mecum
722 2188 876 2257 facientia
885 2190 962 2283 jura

225 2303 259 2371 Si
273 2316 383 2371 tamen
397 2302 561 2372 attentas?
573 2303 733 2391 Quereris
746 2328 846 2397 super
858 2304 923 2372 hoc
936 2304 1055 2389 etiarn,
1068 2303 1165 2398 quod

227 2417 423 2509 Exspectata
438 2415 498 2483 tibi
514 2441 581 2484 non
597 2416 726 2484 mittam
742 2416 891 2485 carmina
904 2416 1054 2485 mendax.

274 2527 406 2598 Luculli
420 2527 515 2599 miles
528 2528 665 2599 collecta
678 2530 798 2599 viatica
811 2528 925 2599 multis

225 2644 413 2729 AErumnis,
427 2642 532 2713 lassus
546 2644 626 2713 dum
640 2659 742 2713 noctu
756 2646 882 2729 stertit,
895 2644 938 2712 ad
951 2670 1056 2714 assent

225 2757 437 2844 Perdiderat;
450 2773 526 2851 post
539 2759 604 2827 hoc
617 2757 794 2827 vehemens
809 2756 927 2851 lupus,
939 2773 972 2827 et
986 2758 1048 2828 sibi
1062 2772 1096 2826 et
1108 2757 1194 2826 hosti

225 2874 335 2940 Iratus
348 2871 490 2965 pariter,
500 2872 625 2964 jejunis
640 2872 797 2940 dentibus
810 2898 902 2959 acer,

225 2985 421 3054 Praesidium
437 2984 546 3080 regale
561 2984 634 3054 loco
649 2985 787 3078 dejecit,
800 3000 840 3054 ut
852 2986 966 3071 aiunt,

224 3100 361 3167 Summe
374 3099 524 3185 munito,
538 3113 571 3167 et
584 3097 766 3168 multarum
782 3099 883 3168 divite
897 3123 1017 3167 rerum.

224 3206 346 3278 Clarus
359 3210 404 3278 ob
421 3210 455 3278 id
469 3210 615 3296 factum,
629 3211 726 3279 donis
739 3227 881 3280 ornatur
893 3210 1058 3294 honestis,

225 3323 356 3417 Accipit
368 3338 402 3393 et
415 3324 467 3393 bis
481 3324 567 3394 dena
581 3350 681 3418 super
694 3327 842 3393 sestertia
856 3347 1041 3392 nummum.

225 3439 326 3505 Forte
339 3438 402 3506 sub
415 3438 480 3506 hoc
493 3452 624 3531 ternpus
638 3438 812 3508 castellum
827 3449 972 3504 evertere
985 3447 1107 3526 praetor

224 3550 347 3617 Nescio
361 3549 452 3642 quod
466 3551 623 3644 cupiens,
635 3550 762 3618 hortari
777 3548 877 3640 coepit
890 3545 1043 3614 eumdem

224 3663 364 3749 Verbis,
378 3687 452 3757 quae
466 3663 586 3732 timido
599 3687 732 3758 quoque
746 3673 879 3755 possent
892 3657 1014 3726 addere
1028 3669 1189 3723 mentem:

224 3779 286 3858 «l,
299 3775 406 3860 bone,
419 3801 487 3869 quo
502 3776 608 3844 virtus
622 3788 725 3844 tuate
739 3785 853 3856 vocat3
867 3771 877 3837 i
892 3769 976 3863 pede
990 3768 1115 3851 fausto,

223 3916 241 3950 α
250 3888 403 3957 Grandia
417 3886 547 3956 laturus
560 3889 756 3956 meritorum
774 3883 918 3977 praemia.
934 3881 1026 3970 Quid
1040 3880 1155 3952 stasln

223 4001 302 4068 Post
316 3999 387 4069 baec
401 3997 458 4068 ille
471 4015 585 4087 catus,
598 3996 812 4093 quantumvis
826 3994 989 4063 rusticus:
1004 4023 1021 4058 α
1030 3994 1117 4078 Ibit,
