3325 5342
489 735 558 807 308
716 735 758 821 Q.
789 731 1013 800 HORATlI
1045 731 1240 798 FLACCI
1379 748 1403 778 v.
1428 735 1476 793 ¹³7

488 869 647 958 lmpetrat
660 878 692 931 et
706 887 839 956 pacem,
852 875 885 929 et
899 857 1096 953 locupletem
1113 858 1265 952 frugibus
1278 883 1418 928 annum.

488 977 644 1046 Carmine
658 977 703 1044 Di
718 975 829 1067 superi
844 971 1033 1067 placantur,
1046 974 1194 1039 carmine
1207 975 1331 1040 Manes.

536 1085 699 1182 agrioolae
714 1087 831 1181 prisci,
845 1085 946 1153 sortes
957 1138 967 1168 ,
980 1109 1149 1178 parvoque
1162 1084 1268 1168 beati,

489 1202 636 1273 Condita
649 1216 724 1295 post
739 1201 922 1284 frumenta,
936 1198 1080 1267 levantes
1094 1212 1242 1290 tempore
1256 1197 1336 1266 sesto

490 1319 640 1410 Corpus,
653 1329 685 1383 et
699 1315 806 1408 ipsum
822 1313 971 1381 animum
985 1335 1042 1404 spe
1056 1310 1133 1378 finis
1147 1309 1231 1378 dura
1245 1310 1419 1398 serentem,

489 1435 575 1502 Cum
589 1429 686 1499 sociis
699 1452 857 1523 operum,
870 1441 902 1495 et
916 1426 1045 1519 pueris,
1059 1439 1092 1493 et
1106 1425 1247 1518 conjuge
1259 1425 1342 1510 fida,

489 1543 655 1614 Tellurem
669 1565 789 1636 porco,
801 1538 972 1610 Silvanum
989 1536 1071 1606 lacte
1086 1538 1242 1631 piabant,

491 1656 644 1725 Floribus
657 1669 691 1722 et
703 1655 781 1721 vino
796 1653 961 1734 Genium,
975 1675 1154 1719 memorem
1169 1651 1276 1719 brevis
1288 1654 1356 1719 aevi.

491 1767 693 1836 Fescennina
708 1790 767 1858 per
781 1765 871 1832 hunc
886 1764 1019 1832 inventa
1033 1760 1165 1831 licentia
1179 1788 1302 1831 morem

490 1879 650 1948 Versibus
663 1876 800 1945 alteruis
813 1876 995 1969 opprobria
1010 1875 1130 1943 rustica
1146 1875 1248 1958 ludit,

491 1992 708 2083 Libertasquc
722 2003 927 2057 recurrentes
941 2004 1074 2082 accepta
1087 2013 1147 2082 per
1160 2013 1264 2056 annos

494 2105 590 2175 Lusit
601 2100 805 2186 amabiliter,
818 2101 925 2170 donec
934 2103 1003 2193 jam
1020 2126 1122 2170 saevus
1135 2116 1282 2194 apertam

492 2222 531 2287 ln
547 2217 672 2285 rabiem
687 2216 769 2284 verti
783 2216 884 2309 coepit
896 2216 1009 2310 jocus,
1022 2229 1055 2282 ct
1069 2239 1127 2307 per
1141 2214 1292 2282 honestas

494 2336 548 2401 lrc
562 2331 679 2400 domos
695 2332 830 2423 impune
844 2329 965 2398 minax.
981 2328 1126 2398 Doluere
1141 2345 1278 2397 cruento

492 2452 601 2518 Dente
615 2446 775 2530 lucessiti3
788 2445 852 2514 fuit
866 2445 996 2512 intactis
1011 2469 1142 2538 quoque
1156 2469 1235 2513 cura

493 2560 695 2632 Conditione
708 2584 808 2653 super
820 2559 1000 2628 communi.
1015 2559 1106 2646 Quin
1121 2559 1220 2626 etiam
1236 2558 1286 2627 lex

493 2678 658 2768 Poenaque
672 2672 756 2758 lata,
771 2673 861 2741 malo
873 2697 947 2765 quac
962 2669 1065 2740 nollet
1079 2672 1226 2740 carmine
1238 2697 1436 2767 quemquam

494 2785 658 2856 Describi.
673 2788 811 2854 Vertere
825 2783 979 2870 modum,
993 2783 1170 2851 formidine
1183 2784 1296 2868 fustis,

496 2899 548 2969 nd
562 2897 823 2966 benedicendum
838 2895 1135 2989 delectandumque
1149 2896 1281 2966 redacti.

545 3011 674 3080 Graecia
688 3024 784 3104 capta
799 3010 905 3078 serum
919 3011 1076 3078 victorem
1091 3011 1196 3104 oepit,
1208 3027 1240 3079 et
1255 3026 1340 3079 artes

496 3124 615 3194 Intulit
628 3125 749 3219 agresti
764 3126 872 3192 Latio.
886 3126 941 3192 Sic
954 3124 1108 3192 horridus
1124 3123 1178 3192 ille

496 3238 644 3308 Deduxit
659 3261 817 3307 numerus
829 3238 1023 3323 Saturnius,
1034 3252 1067 3305 et
1082 3263 1180 3331 grave
1193 3239 1283 3305 virus

496 3351 670 3422 Munditiae
683 3348 856 3445 pepulere3
869 3349 926 3418 sed
942 3351 975 3418 in
991 3348 1128 3445 longum
1143 3365 1254 3419 tamen
1267 3376 1373 3419 aevum

496 3470 713 3550 Manserunt,
726 3464 891 3558 hodieque
905 3480 1041 3533 manent
1053 3467 1190 3559 vestigia
1207 3466 1301 3532 ruris.

495 3584 594 3650 Serus
608 3581 697 3647 enim
712 3579 838 3647 Graecis
852 3578 1001 3646 admovit
1013 3579 1167 3646 acumina
1181 3575 1334 3662 chartis,

497 3697 557 3780 Et,
571 3707 645 3787 post
658 3693 783 3761 Punica
797 3690 885 3760 bella
898 3693 1047 3785 quietus,
1061 3716 1206 3786 quaererc
1221 3693 1337 3785 coepit,

496 3807 588 3895 Quid
602 3805 781 3900 Sophocles
795 3821 828 3874 et
841 3806 979 3900 Thespis
992 3820 1024 3874 et
1038 3805 1207 3900 AEsclrylus
1221 3804 1303 3874 utile
1317 3804 1449 3873 ferrent.

496 3921 650 3987 Tentavit
663 3944 797 4013 quoque
811 3945 898 4006 rem,
911 3922 938 3987 si
954 3920 1056 4013 digne
1069 3934 1195 3988 vertere
1210 3933 1337 4012 posset,

497 4033 539 4099 Et
553 4028 677 4123 placuit
691 4032 772 4116 sibi,
787 4046 904 4099 natura
919 4029 1070 4100 sublimis
1083 4047 1116 4099 et
1130 4056 1213 4099 acer.

497 4143 583 4212 Nam
598 4141 702 4234 spirat
714 4143 878 4235 tragicum
892 4145 988 4229 satis,
1002 4158 1034 4211 et
1049 4142 1187 4212 feliciter
1200 4142 1317 4225 audet,
