3325 5342
248 817 323 863 v·⁵²
429 814 744 883 SATIRARUM
776 816 934 884 LIBER
965 820 991 885 1.
1024 821 1055 902 4.
1169 843 1232 915 197
1324 904 1326 909 ,

248 950 389 1015 Noctem
403 969 480 1014 cum
496 944 631 1014 facibus.
647 986 695 997 —
707 945 881 1038 Numquid
893 949 1097 1040 Pomponius
1111 950 1181 1019 istis

248 1060 387 1130 Audiret
400 1058 544 1145 leuiora,
558 1072 653 1151 pater
666 1058 693 1126 si
707 1058 855 1126 viveret?
868 1062 959 1153 Ergo

247 1177 325 1243 Non
341 1174 420 1242 satis
433 1187 483 1242 est
494 1172 588 1265 puris
601 1172 949 1265 versum'perscribere
960 1176 1087 1261 verbis3

249 1289 359 1376 Quem
374 1289 401 1356 si
416 1286 593 1373 dissolvas,
606 1287 714 1379 quivis
727 1287 953 1356 stomachetur
965 1289 1082 1358 eodem

248 1404 327 1489 Quo
340 1415 535 1494 personatus
551 1413 648 1493 pacto
662 1413 766 1492 paten·
779 1400 859 1484 His,
870 1424 933 1494 ego
946 1427 1019 1495 quae
1033 1427 1140 1488 nunc,

247 1512 339 1582 Olim
352 1538 426 1606 quae
440 1513 572 1606 scripsit
585 1510 754 1599 Lucilius,
767 1512 889 1605 eripias
903 1514 930 1581 si

246 1630 409 1718 Tempora
420 1639 508 1695 certa
516 1624 870 1719 modosque,et‚qu0d
880 1626 1311 1718 priusordineverbumest,

246 1740 412 1808 Posterius
427 1739 546 1823 facias,
558 1763 755 1833 praeponens
769 1737 891 1807 ultima
902 1741 1036 1832 primis;

251 1855 344 1939 Non,
357 1868 394 1921 ut
407 1854 433 1921 si
448 1851 573 1939 solvas,
587 1856 797 1946 «Postquam
811 1851 989 1920 Discordia
1001 1867 1085 1921 tetra

253 1994 269 2027 a
282 1964 364 2034 Belli
379 1965 516 2034 ferratos
530 1981 640 2059 postes
653 1978 832 2059 portasque
847 1964 998 2059 refregit3
1008 1995 1025 2030 »

253 2079 404 2146 Invenias
417 2078 656 2171 etiamdisjecti
672 2076 822 2146 membra
834 2084 946 2170 poeta.

299 2194 465 2259 Hactenus
478 2191 563 2276 haec;
575 2189 674 2276 alias,
683 2192 812 2283 justum
825 2190 869 2257 sit
883 2214 986 2258 necne
999 2214 1126 2281 poema.

251 2307 349 2374 Nunc
364 2303 446 2373 illud
460 2319 587 2374 tanturn
602 2330 765 2399 quaeram,
779 2305 941 2373 meritone
954 2304 1015 2371 tibi
1030 2303 1073 2372 sit

250 2421 443 2513 Suspectum
458 2444 561 2513 genus
575 2420 638 2488 hoc
652 2418 826 2488 scribendi.
841 2418 971 2489 Sulcius
984 2442 1061 2486 acer

250 2532 407 2603 Ambulat
419 2548 452 2603 et
465 2535 625 2628 Caprius,
639 2532 847 2621 raucimale,
861 2558 1003 2626 cumque
1018 2530 1152 2615 libellis,

250 2649 394 2741 Magnus
407 2662 545 2741 uterque
559 2649 660 2716 timor
674 2647 876 2733 latronibus3
889 2661 923 2716 at
934 2647 1019 2715 bene
1033 2647 1059 2715 si
1074 2647 1148 2739 quis

250 2764 291 2829 Et
305 2764 394 2830 vivat
407 2763 499 2856 puris
512 2762 684 2844 manibus,
697 2776 889 2830 contemnat
901 2777 1089 2854 utrumque.

250 2878 297 2944 Ut
309 2877 353 2944 sis
366 2891 404 2944 tu
417 2875 535 2945 similis
547 2876 631 2945 Coeli
644 2877 815 2969 Birrique,
829 2874 1014 2961 latronum,

250 2992 324 3059 Non
339 3014 402 3084 ego
415 2991 476 3058 sim
491 2992 601 3083 capri,
614 3015 721 3084 neque
733 2988 842 3075 Sulci;
854 3014 914 3058 cur
926 3004 1053 3057 metuas
1067 2986 1142 3055 me?

248 3100 349 3170 Nulla
362 3102 499 3171 taberna
512 3127 603 3171 meos
617 3102 737 3170 habeat
750 3127 858 3195 neque
872 3100 938 3195 pila
954 3099 1099 3184 libellos,

248 3215 334 3303 Quis
348 3240 466 3284 manus
480 3216 611 3285 insudet
622 3216 732 3310 vulgi,
744 3218 1028 3312 Hermogenisque
1040 3212 1168 3307 Tigelli.

248 3329 318 3395 Nec
332 3328 434 3395 recito
447 3327 619 3420 cuiquam,
632 3329 695 3398 nisi
709 3331 841 3415 amicis,
855 3330 955 3424 idque
968 3344 1118 3413 coactus,

248 3442 324 3509 Non
339 3440 465 3525 ubivis,
478 3444 630 3510 coramve
642 3442 854 3537 quibuslibet.
867 3485 915 3496 —
929 3447 968 3511 In
983 3441 1092 3511 medio
1106 3441 1162 3534 qui

247 3554 376 3649 Scripta
389 3554 464 3623 foro
476 3556 615 3625 recitent
627 3557 833 3644 suntmulti,
846 3558 970 3651 quique
984 3555 1146 3639 lavantes3

247 3668 353 3735 Suavc
367 3666 458 3737 locus
471 3669 544 3736 voci
560 3685 692 3738 resonat
705 3669 890 3739 conclusus.
904 3711 953 3721 —
966 3672 1085 3736 Inanes

247 3782 318 3848 Hoc
327 3780 438 3873 juvat,
452 3782 541 3850 baud
555 3781 638 3883 illud
652 3798 852 3877 quaerentes,
865 3809 945 3852 num
959 3784 1030 3851 sine
1043 3806 1157 3866 sensu,

246 3898 407 3989 Tempore
421 3922 501 3966 num
515 3897 638 3967 saciant
650 3898 768 3969 alieno.
783 3942 832 3952 -
847 3899 981 3968 Laedere
995 3897 1134 3993 gaudes,

246 4010 375 4101 Inquit,
388 4024 422 4078 et
436 4011 499 4079 hoc
512 4012 622 4081 studio
636 4012 763 4105 pravus'
772 4012 861 4081 sacis
876 4055 923 4065 -
937 4012 1035 4081 Unde
1048 4011 1187 4103 petitum

244 4123 316 4188 Hoc
330 4122 363 4188 in
378 4147 430 4190 me
441 4123 547 4215 jacis?
560 4140 609 4194 est
621 4139 737 4192 aiictor
752 4125 827 4218 quis
841 4124 987 4218 denique
997 4148 1131 4207 eorum,

245 4234 321 4302 Vixi
336 4261 411 4305 cum
426 4237 571 4329 quibus?
584 4238 760 4307 Absentem
774 4239 831 4331 qui
849 4237 937 4305 rodit
950 4237 1113 4319 amicum,
