3325 5342
408 659 470 740 ma

626 657 1151 744 Q.u0ulT11FLlccr

544 790 673 856 Cuncta
688 786 820 854 festinat
833 809 969 872 manus3
983 786 1048 856 huc
1061 802 1095 856 et
1109 788 1187 859 illuc

543 900 715 970 Cursitant
728 899 839 967 mixtae
852 900 963 993 pueris
976 900 1110 993 puellae3

541 1012 719 1082 Sordidum
734 1011 874 1081 flammae
886 1011 1053 1107 trepidant
1067 1030 1211 1087 rotantes

686 1124 818 1193 Vertice
833 1126 970 1194 fumum.

539 1382 588 1447 Ut
601 1392 711 1445 tamen
726 1377 817 1445 noris
830 1376 950 1469 qulbus
963 1377 1133 1449 advoceris
1196 1391 1198 1395 “

539 1488 698 1574 Gaudiis,
713 1488 786 1557 idus
799 1488 860 1556 ubi
875 1502 953 1556 sunt
965 1489 1118 1584 regende,

540 1612 607 1700 Qui
624 1611 693 1679 dies
707 1605 852 1678 mensem
867 1611 1006 1679 Venen's
1020 1614 1154 1681 meriure

680 1721 791 1790 Findit
806 1719 972 1813 Aprilem,

532 1975 611 2040 Jure
626 1969 794 2040 sollemnis
807 1969 909 2057 mihi,
922 1973 1131 2068 sanctiorque

533 2087 631 2154 Paene
645 2082 747 2152 natali
762 2084 917 2177 proprio,
930 2086 1019 2179 ¹quod
1033 2112 1073 2156 ex
1087 2089 1149 2158 hac

532 2200 623 2267 Luee
636 2200 798 2266 Maeeeuas
813 2220 905 2266 meus
920 2197 1091 2270 affluentes

675 2310 820 2380 Ordinat
833 2335 948 2382 annos.

529 2562 730 2656 Telephum,
743 2586 841 2655 quem
856 2576 893 2630 tu
907 2564 1009 2656 petis,
1022 2569 1211 2659 occupavit,

529 2679 606 2748 Non
622 2690 686 2744 tuae
700 2676 798 2745 sortis
808 2676 984 2769 juvenem,
997 2676 1108 2771 puella

531 2791 631 2860 Dives
645 2805 678 2859 et
692 2788 829 2876 lasciva,
843 2805 997 2884 tenetque
1011 2806 1105 2885 grata

671 2903 840 2998 Compede
852 2904 1008 2973 vinctum.

525 3152 640 3218 Terret
653 3147 824 3216 ambustus
838 3145 986 3214 Phaetun
1000 3169 1115 3214 averes

524 3265 622 3355 Spem
635 3276 667 3330 et
681 3258 868 3354 exemplum
883 3281 983 3353 grave
997 3260 1121 3353 prebet
1132 3258 1200 3330 ales

524 3377 683 3468 Pegasus,
695 3389 866 3446 terrenum
879 3373 1025 3466 equitem
1040 3388 1194 3467 gravatus

667 3485 976 3579 Bellerophontem,

520 3731 657 3820 Semper
670 3742 708 3797 ut
722 3742 754 3796 te
767 3728 870 3822 digna
883 3750 1039 3820 sequare,
1051 3741 1101 3813 et,
1114 3725 1201 3797 ultra

521 3845 631 3931 Quam
646 3842 722 3912 licet
735 3866 867 3937 sperare
880 3842 971 3911 nefas
985 3842 1150 3936 putando,

520 3957 696 4048 Disparem
711 3960 802 4026 vites.
819 3959 909 4050 Age,
916 3957 987 4051 jem
1002 3981 1150 4026 meorum

513 4073 514 4076 ’
664 4069 755 4137 Finis
768 4093 936 4154 amorum,
