3325 5342
557 671 776 738 aeooott
806 671 974 738 meaa.
1191 673 1254 769 167

610 1109 754 1195 ODE
795 1109 921 1194 XII.

481 1363 530 1418 IN
558 1361 692 1417 ANUM
718 1360 1048 1420 LIBIDINOSAM.

274 1589 443 1679 antihi
458 1589 525 1675 vis,
538 1585 659 1654 mulier
672 1585 778 1679 nigris
792 1584 986 1679 dignissima
998 1592 1127 1663 barris?

369 1704 510 1770 Munera
524 1724 585 1768 cur
598 1697 700 1785 mihi,
714 1697 835 1790 quidve
848 1700 984 1770 tabelias

273 1814 398 1898 Mittis,
411 1837 471 1882 nec
483 1811 582 1880 firmo
591 1811 726 1904 juveni,
740 1835 847 1904 neque
861 1814 951 1880 naris
964 1815 1091 1884 obesae?

371 1929 524 2019 Namque
538 1925 688 2019 sagacius
700 1949 787 1992 unus
801 1924 943 2012 odoror,

276 2040 439 2135 Polypus,
451 2066 495 2109 an
509 2040 619 2134 gravis
633 2038 769 2107 hirsutis
782 2039 881 2107 cubet
895 2039 1006 2110 hircus
1019 2043 1053 2109 in
1067 2044 1145 2131 alis,

372 2156 483 2244 Quam
498 2153 589 2222 canis
601 2177 692 2239 aoer,
704 2153 763 2220 ubi
778 2151 876 2221 lateat
889 2178 953 2223 sus.

276 2268 344 2357 Qui
359 2267 461 2336 sudor
474 2268 585 2352 vietis,
598 2280 632 2334 et
644 2291 744 2359 quam
759 2265 865 2335 malus
877 2266 1025 2361 undique
1038 2271 1194 2340 membris

372 2381 500 2451 Crescit
513 2376 613 2449 odor!
628 2405 732 2473 quum
746 2404 830 2473 pene
844 2378 953 2449 soluto

276 2493 477 2562 Indomitam
491 2506 648 2586 properat
664 2492 790 2561 rabiem
803 2492 934 2579 sedare3
948 2517 1055 2587 neque
1068 2495 1115 2565 itti

371 2609 444 2674 Jam
458 2620 569 2675 manet
582 2605 721 2675 humida
734 2620 842 2693 oreta,
855 2606 1012 2700 colorque

277 2722 426 2789 Stercore
439 2719 567 2789 fucatus
580 2717 757 2804 crocodili3
767 2719 904 2813 jamque
917 2721 1067 2789 subando

371 2837 476 2902 Tenta
488 2834 628 2920 cubilia,
640 2848 791 2926 tectaque
805 2836 948 2928 rumpit;
971 2852 974 2859 “

276 2945 338 3016 vet
353 2971 425 3015 moa
438 2972 542 3041 quum
555 2947 648 3016 savis
661 2948 765 3042 agitat
779 2946 910 3016 fastidia
923 2948 1050 3016 verbis:

372 3088 389 3123 α
402 3060 538 3129 Inachia
552 3059 688 3154 langues
701 3062 813 3130 minus
826 3086 867 3129 ac
880 3086 950 3147 me;

277 3206 294 3239 a
308 3176 477 3246 Inachiam
492 3191 542 3246 ter
555 3191 651 3246 nocte
664 3192 775 3271 potes,
788 3178 871 3246 mihi
885 3203 1014 3272 semper
1027 3179 1068 3246 ad
1083 3203 1188 3247 unum

373 3320 390 3354 a
403 3290 516 3360 Mollis
529 3288 629 3384 opus!
645 3295 762 3360 Pereat
777 3291 879 3377 male,
891 3317 964 3386 quae
977 3307 1009 3360 te

278 3431 294 3465 α
308 3402 427 3471 Lesbia
440 3405 600 3497 quaerenti
615 3418 766 3492 taurum,
780 3406 976 3474 monstravit
991 3405 1147 3484 inertem,

373 3546 389 3580 α
403 3518 517 3606 Quum
532 3517 614 3585 mihi
628 3520 719 3588 Cous
732 3518 860 3586 adesset
873 3519 1048 3612 Amyntas,

278 3658 295 3691 a
308 3629 411 3722 Cujus
426 3631 460 3699 in
473 3631 638 3699 indomito
651 3632 858 3699 constantior
871 3631 1010 3725 inguine
1022 3652 1159 3713 nervus,

372 3771 390 3808 o
402 3745 512 3833 Quam
529 3770 615 3813 nova
627 3744 769 3814 collibus
781 3745 883 3813 arbor
897 3743 1042 3812 inhaeret.

277 3884 294 3918 α
307 3857 492 3926 Muricibus
504 3859 612 3953 Tyriis
626 3860 749 3927 iteratae
763 3857 884 3927 vellera
898 3856 980 3925 lanae

371 3998 389 4032 α
403 3972 467 4039 Cui
480 3970 768 4064 properabantur?
780 3971 856 4040 Tibi
870 3993 1006 4063 nempe3

175 4070 179 4077 ’
277 4109 293 4142 ιι
306 4082 358 4150 Ne
370 4081 456 4151 foret
469 4082 609 4176 aequales
624 4084 710 4152 inter
722 4083 878 4167 conviva,
891 4080 996 4174 magis
1010 4105 1108 4173 quem

1329 3484 1360 3525 l
