3325 5342
461 662 527 734 322
685 660 1213 750 Q.HORAT11FLAcc1

458 791 713 878 Scissimulare3
726 789 904 885 quidhoc,
918 790 945 859 si
960 789 1074 860 fractis
1086 807 1199 861 enatat
1211 817 1333 887 exspes

459 905 624 991 Naribus,
637 928 701 974 ure
714 903 793 974 dato
805 902 863 997 qui
877 902 1049 997 pingitur?
1063 903 1233 998 Amphora
1247 907 1355 1001 coepit

459 1018 611 1105 institui,
624 1029 778 1094 currente
791 1029 865 1083 reta
878 1039 938 1083 cur
951 1038 1069 1084 urceus
1081 1013 1170 1084 exit?

460 1131 614 1224 Denique
627 1130 687 1215 sit,
700 1127 791 1223 quod
804 1128 873 1210 vis,
884 1125 1025 1220 simplex
1037 1126 1199 1197 duntaxat
1211 1143 1244 1197 et
1259 1154 1383 1200 unum.

1376 680 1476 716 hio

507 1243 654 1311 Maxima
667 1264 744 1334 pars
756 1254 887 1324 vatum,
899 1252 993 1332 pater
1004 1253 1038 1309 et
1046 1240 1185 1332 juvenes
1197 1255 1292 1334 patre
1305 1243 1412 1339 digni
1423 1298 1434 1330 ,

460 1355 656 1449 Decipimur
668 1353 776 1447 specie
791 1352 881 1424 meti.
896 1351 1012 1420 brevis
1024 1376 1094 1421 esse
1108 1350 1239 1440 laboro,

460 1469 632 1538 Obscurus
645 1465 709 1554 fio余
722 1480 901 1536 sectantem
915 1463 1000 1534 levia
1013 1466 1105 1534 nervi

461 1582 631 1652 Deficiunt
643 1581 830 1674 animique余
843 1578 1008 1671 professus
1023 1577 1162 1673 grandia
1174 1593 1304 1673 turgct余

460 1696 572 1789 Serpit
584 1695 678 1763 humi
693 1709 784 1763 tutus
798 1692 940 1761 nimium
954 1692 1156 1785 timidusque
1169 1692 1330 1787 pmcellae.

461 1808 530 1896 Qui
544 1807 672 1875 variare
685 1806 778 1898 cupit
792 1830 863 1873 rem
876 1803 1106 1899 prodigialiter
1119 1829 1237 1892 unam,

462 1918 668 2013 Delphinum
682 1916 774 1985 silvis
787 1919 959 2014 appingit,
971 1917 1126 1988 fluctibus
1139 1943 1264 2012 aprum

462 2038 501 2104 ln
517 2032 634 2099 vitium
649 2027 742 2100 dreis
755 2029 862 2125 culpa
876 2031 974 2126 Saga,
985 2032 1012 2102 si
1025 2046 1116 2101 caret
1129 2046 1208 2101 arte.

461 2142 631 2214 AEmilium
645 2144 733 2214 circu
746 2143 865 2214 ludum
878 2144 971 2214 saber
984 2169 1071 2214 unus
1083 2160 1116 2214 et
1128 2169 1255 2239 ungues

462 2259 649 2353 Exprimet,
661 2272 695 2328 et
709 2256 826 2328 molles
842 2259 1026 2328 imitabitur
1037 2283 1101 2328 aere
1113 2257 1268 2353 capillos,

463 2371 583 2443 Infelix
597 2373 707 2467 operis
720 2397 869 2460 summa,
881 2373 959 2467 quia
972 2397 1095 2467 ponere
1108 2387 1216 2442 toturn

463 2486 605 2556 Nesciet
619 2489 718 2555 Hunc
731 2510 794 2580 ego
808 2511 879 2572 me,
892 2486 920 2555 si
934 2486 1016 2579 quid
1030 2511 1228 2579 componere
1240 2512 1376 2573 curem,

464 2601 540 2670 Non
556 2598 662 2693 magis
674 2622 744 2670 esse
757 2597 874 2684 velim,
887 2623 988 2692 quam
1002 2623 1082 2667 rursu
1096 2600 1204 2668 vivere
1218 2623 1339 2692 pravo,
1398 2657 1402 2662 .

463 2710 686 2805 Spectandum
701 2711 807 2805 nigris
820 2710 927 2782 oculis
940 2713 1104 2806 nigroque
1118 2710 1247 2806 capillo.

511 2822 639 2893 Sumite
650 2826 822 2894 materiam
839 2825 972 2910 vestris,
985 2826 1044 2919 qui
1058 2825 1220 2912 scribitis,
1232 2849 1361 2920 aeqrram

466 2937 617 3023 Viribus,
629 2952 663 3006 ct
675 2951 804 3008 versate
816 2937 894 3025 diu,
907 2937 989 3032 quid
1003 2938 1088 3010 lene
1102 2954 1268 3025 remsent,

465 3050 557 3138 Quid
571 3049 702 3120 vileant
716 3051 858 3124 humeri.
873 3053 938 3122 Cui
951 3050 1034 3123 lecu
1048 3068 1201 3147 potenter
1212 3054 1277 3123 erit
1290 3078 1359 3139 re,

465 3164 535 3234 Nec
549 3162 704 3234 umidis
718 3164 845 3234 deseret
858 3164 967 3253 hunc,
980 3190 1040 3235 nec
1054 3165 1183 3237 lucidus
1196 3167 1289 3236 ordo.

465 3276 604 3346 Ordinis
618 3278 688 3348 brec
701 3278 806 3354 virtus
819 3277 884 3347 erit
896 3292 930 3348 et
943 3303 1065 3366 venus,
1075 3294 1134 3349 aut
1146 3305 1208 3376 ego
1223 3278 1336 3364 fallor,

466 3390 515 3458 Ut
523 3389 593 3482 jam
607 3417 697 3461 nunc
709 3391 817 3480 dieat,
826 3393 897 3486 jam
911 3417 1002 3463 nunc
1014 3393 1167 3465 debentia
1180 3394 1245 3464 dici
1258 3427 1262 3460 J

465 3500 624 3597 Pleraque
638 3505 788 3593 differat,
801 3521 835 3578 et
848 3532 992 3601 presens
1006 3508 1040 3576 in
1054 3521 1184 3602 tempus
1197 3508 1347 3592 omittat余

466 3619 539 3685 Hoc
551 3633 656 3705 amet,
669 3620 733 3690 boc
747 3636 882 3715 spernat
895 3622 1049 3715 premissi
1063 3622 1219 3692 canniais
1232 3636 1358 3710 auctor.

467 3729 506 3795 ln
520 3730 629 3799 verbis
640 3732 740 3800 etiam
755 3735 864 3806 tenuis
878 3749 1061 3828 cautusque
1074 3733 1240 3821 serendis,

467 3842 599 3912 Dixeris
612 3847 759 3941 egregie,
776 3864 897 3920 notum
908 3850 936 3918 si
950 3847 1069 3920 callida
1083 3848 1219 3918 verbum

468 3953 661 4026 Reddiderit
671 3961 829 4052 junctura
843 3989 976 4034 novum,
991 3964 1026 4034 Si
1042 3962 1126 4033 ferte
1140 3985 1272 4031 necesse
1284 3974 1333 4029 est

466 4063 603 4136 Iudiciis
615 4086 800 4142 monstrare
814 4075 1000 4146 recentibus
1014 4074 1128 4146 abdita
1141 4097 1271 4154 rerum,
1282 4086 1315 4140 m
