3325 5342
453 697 518 769 156
676 704 718 789 Q.
750 701 976 769 nostru
1007 703 1202 769 russei

445 949 1428 972 mmmmm

804 1158 949 1246 ODE
990 1159 1077 1247 IV.

692 1417 737 1471 ln
762 1414 993 1471 LIBERTUM
1018 1415 1190 1473 ΜΕΝΔΜ.

545 1629 652 1694 Lusus
665 1638 698 1692 at
711 1622 806 1716 agnis
820 1633 946 1712 quanta
959 1621 1077 1688 sortito
1091 1621 1230 1717 obtigit,

640 1737 763 1803 Tecum
778 1731 861 1799 mihi
876 1731 1042 1800 discordia
1056 1747 1122 1818 est,

545 1847 708 1917 Hibericis
722 1859 854 1939 peruste
869 1843 1005 1914 funibus
1019 1844 1123 1933 latus,

640 1963 682 2028 Et
696 1983 794 2029 crura
809 1959 894 2027 dura
908 1958 1076 2053 compede.
1105 1956 1107 1961 ’

545 2075 638 2143 Lioet
651 2073 813 2167 superbus
826 2072 976 2142 ambules
991 2075 1149 2168 pecunia,

640 2191 789 2255 Fortuna
803 2211 870 2255 non
886 2200 993 2255 mutat
1008 2212 1121 2281 genus.

545 2300 707 2386 Videsne,
720 2324 848 2369 sacram
863 2300 1020 2369 metiente
1033 2315 1066 2369 te
1081 2302 1168 2369 viam

642 2417 729 2484 Cum
743 2412 795 2482 bis
809 2427 860 2481 ter
873 2411 1030 2482 ulnarum
1046 2427 1143 2508 toga,

547 2531 594 2599 Ut
607 2551 667 2595 ora
680 2541 787 2595 vertat
800 2527 867 2595 huc
879 2540 913 2595 et
927 2526 994 2595 huc
1008 2527 1158 2596 euntium

645 2642 835 2711 Liberrima
849 2640 1059 2736 indignatio?

547 2786 565 2819 a
578 2758 692 2827 Sectus
706 2753 846 2850 flagellis
861 2755 916 2824 hic
929 2752 1192 2823 triumviralibus

643 2899 661 2934 a
675 2869 840 2939 Praeconis
853 2866 897 2937 ad
911 2867 1098 2952 fastidium,

548 3011 566 3047 a
579 2986 661 3052 Anat
673 2980 805 3052 Falerni
820 2978 911 3049 mille
925 2977 1021 3048 fundi
1032 2981 1170 3073 jugera,

645 3125 662 3161 a
675 3099 719 3164 Et
732 3095 873 3189 Appiam
888 3094 1019 3163 mannis
1034 3088 1129 3161 terit!

519 3226 520 3230 ’
547 3207 809 3303 «Sadilibusque
823 3231 964 3302 magnus
979 3207 1013 3274 in
1029 3205 1147 3299 primis
1159 3229 1279 3299 eques,

646 3353 663 3388 a
678 3323 813 3393 Othone
827 3334 1038 3414 contempto,
1052 3316 1161 3389 sedet!

548 3463 565 3499 a
579 3433 673 3524 Quid
685 3435 805 3503 attinet
819 3447 871 3502 tot
884 3457 945 3501 ora
958 3431 1094 3501 navium
1109 3431 1202 3527 gravi

647 3577 664 3613 a
678 3552 835 3619 Rostrata
848 3547 927 3617 duci
942 3545 1092 3642 pondere

549 3692 566 3726 «
581 3666 707 3733 Contra
722 3663 867 3732 latrones
881 3676 982 3756 atque
996 3660 1148 3730 servilem
1164 3681 1318 3744 manum,

646 3805 663 3839 a
677 3779 769 3863 Hoc,
783 3776 848 3844 hoc
862 3774 1000 3843 tribuno
1015 3770 1183 3843 militum?
1198 3800 1214 3835 »
