3325 5342
424 678 494 763 234
650 681 692 767 Q.
725 678 950 748 HORATll
982 678 1177 746 FLACCI
1311 699 1335 727 v.
1359 684 1407 729 153

422 808 586 878 Deficient
600 810 733 903 inopem
746 832 837 876 venae
851 822 900 893 te,
915 807 950 874 ni
965 806 1059 875 cibus
1073 821 1174 900 atque

423 927 544 1018 Ingens
556 923 683 993 aceedit
696 920 867 990 stomacho
882 919 1006 990 fultura
1025 921 1144 989 ruenti

421 1040 473 1106 Tu
487 1036 613 1106 oessas?
625 1036 786 1131 agedum,
799 1060 893 1105 sume
906 1035 971 1104 hoo
984 1035 1203 1129 ptisanarium
1218 1060 1333 1130 oryzae.
1344 1076 1393 1090 -

422 1148 1186 1244 Quantiemptaei-Parvo.-Quantiergo?-
1192 1151 1398 1220 Octussibus.
1409 1193 1445 1203 -
1454 1142 1556 1217 Eheu!

421 1263 513 1352 Quid
528 1264 643 1352 refert,
656 1264 792 1351 morbo,
805 1288 849 1332 an
863 1263 960 1333 furtis
975 1287 1173 1358 pereamque
1188 1264 1335 1358 rapinis?

777 1400 1049 1447 nsorsstrrus.

421 1490 583 1578 Quisnam
599 1490 702 1584 igitur
715 1489 838 1559 sanus?

784 1627 1038 1674 srsnrrurus.

848 1717 916 1806 Qui
931 1741 999 1785 non
1014 1717 1142 1787 stultus.

775 1835 1048 1885 panselenos.

1160 1925 1252 2013 Quid
1264 1925 1403 1993 avarus?

784 2060 1038 2111 srsarrurtts.

420 2148 546 2218 Stultus
558 2164 591 2217 et
606 2150 750 2219 insanus.
909 2222 912 2233 ,

775 2284 1046 2337 nausstrrus

767 2377 883 2467 Quid?
897 2378 924 2447 si
938 2379 1014 2473 quis
1027 2400 1095 2447 non
1110 2378 1301 2462 suavatas,

420 2489 590 2558 Continuo
605 2489 727 2560 sanus?

783 2630 1037 2677 sranrrnrus

738 2719 888 2788 Minime.

773 2855 1043 2903 nsussrrstts.

900 2948 985 3032 Cur,
999 2945 1131 3015 stoioet

782 3081 1034 3131 sunnrlnws.

1144 3172 1271 3240 Dioem.

417 3284 493 3350 Non
507 3296 557 3351 est
570 3282 759 3369 cardiacus,
772 3286 948 3355 Craterum
962 3285 1082 3354 dixisse
1097 3299 1232 3377 putato,

416 3396 479 3464 Hie
491 3420 586 3490 teger.
601 3400 702 3467 Recte
714 3413 766 3468 est
778 3398 897 3493 igitur,
911 3398 1111 3494 surgetque?
1124 3399 1284 3492 Negabit3

414 3509 516 3597 Quod
530 3508 633 3597 lutus,
645 3527 704 3581 sut
718 3537 812 3583 renes
825 3513 944 3585 morbo
959 3527 1128 3582 tententur
1140 3527 1247 3582 acuto.

414 3623 492 3692 Non
505 3637 555 3692 est
568 3625 739 3718 perjurus,
752 3646 861 3720 neque
874 3626 1046 3710 sordidus3
1060 3625 1209 3694 immolet
1222 3626 1324 3718 aequis

415 3734 478 3802 Hic
492 3760 629 3827 pomum
643 3739 795 3809 Laribus
809 3743 936 3809 Verum
950 3740 1145 3809 ambitiosus
1158 3753 1191 3806 et
1204 3737 1332 3821 audax3

415 3849 556 3941 Naviget
569 3852 771 3946 Anticyram.
786 3854 879 3943 Quid
892 3855 980 3924 enim
996 3852 1126 3938 differt,
1140 3853 1342 3922 barathrone

415 3962 529 4028 Dones
543 3964 706 4058 quidquid
720 3968 838 4053 habes,
851 3994 895 4037 an
908 3991 1089 4061 numquam
1105 3980 1198 4036 utare
1211 3965 1359 4059 parntis?

462 4073 593 4142 Servius
607 4077 773 4167 Oppidius
784 4081 909 4150 Canusi
925 4080 992 4149 duo
1007 4078 1147 4173 praedia,
1161 4078 1251 4147 dives
