3325 5342
447 649 510 732 184
664 650 713 735 Q‘
741 649 962 716 nonanti
995 648 1190 715 antee]

443 783 490 848 dn
505 778 641 873 vigilare
652 793 742 846 metu
754 777 956 861 exanimem,
971 790 1152 869 noctesque
1166 776 1300 870 diesque

441 891 632 960 Formidare
645 888 749 959 malos
762 890 869 973 iures,
882 888 1051 973 incendia,
1065 914 1193 974 servos,

440 1009 491 1075 Ne
505 1021 536 1073 te
549 1003 726 1098 compilent
741 1004 921 1097 fugientes,
934 1004 997 1070 hoc
1006 1003 1124 1094 juvat?
1137 1004 1256 1071 horum

441 1123 575 1213 Semper
587 1143 649 1212 ego
662 1118 805 1211 optarim
819 1118 1049 1212 pauperrimus
1062 1142 1132 1186 esse
1145 1117 1318 1186 bonorum.

491 1230 572 1298 atsi
587 1228 758 1297 condoluit
771 1243 934 1297 tentatum
949 1228 1073 1322 frigore
1085 1254 1223 1323 corpus,

441 1346 506 1412 Aut
519 1340 603 1413 alius
616 1367 709 1411 casus
724 1341 807 1411 lecto
821 1356 854 1411 te
866 1341 1001 1427 afflixit,
1014 1342 1114 1411 hebes
1127 1344 1184 1436 qui

441 1454 606 1541 Assideat‚
619 1436 888 1548 fomenta'paret,
900 1453 1064 1521 medicum
1079 1468 1189 1548 roget,
1202 1468 1238 1522 ut
1251 1469 1283 1522 te

441 1566 598 1653 Suscita,
612 1592 651 1636 ac
664 1567 779 1636 reddat
793 1567 879 1635 natis
892 1568 1042 1660 earisque
1055 1567 1259 1661 propinquis.

442 1683 517 1750 Non
531 1704 616 1751 uxor
629 1678 754 1747 salvum
769 1693 801 1748 te
814 1677 904 1764 vult,
917 1704 983 1746 non
999 1676 1104 1763 filius3
1116 1703 1230 1748 omnes

442 1791 553 1861 Vicini
566 1791 725 1878 oderunt,
738 1792 827 1876 noti,
840 1791 934 1885 pueri
948 1805 1046 1884 atque
1059 1790 1183 1885 puelle.

443 1903 594 1988 Miraris,
606 1928 710 1997 quum
724 1917 761 1971 tu
774 1918 913 1997 argento
925 1919 1001 1997 post
1013 1904 1124 1972 omnia
1138 1928 1260 1997 ponas,

443 2017 476 2086 Si
491 2040 589 2084 nemo
602 2031 749 2110 praestet,
761 2041 860 2110 quem
871 2023 941 2085 'non
956 2018 1129 2101 merearis,
1141 2042 1296 2085 amorem.

444 2132 504 2214 At,
516 2128 543 2197 si
557 2144 732 2223 cognatos,
745 2129 839 2198 nullo
853 2145 972 2199 natura
987 2127 1099 2198 labore

444 2244 538 2331 Quos
552 2238 611 2310 tibi
625 2242 699 2329 dat,
712 2244 854 2312 retinere
867 2243 947 2313 veiis
959 2267 1152 2337 servareque
1165 2245 1304 2327 amieos,

444 2355 561 2424 Infelix
574 2380 708 2449 operam
722 2356 861 2451 perdas?
873 2370 912 2425 ut
924 2357 952 2424 si
965 2358 1039 2450 quis
1052 2355 1188 2425 asellum

444 2471 483 2535 ln
498 2492 615 2561 eampo
629 2467 744 2537 dooeat
757 2472 927 2563 p'arentem
940 2493 1073 2538 currere
1086 2469 1205 2539 fraenis.

1343 667 1365 696 v.
1386 652 1419 709 76

492 2581 645 2675 Denique
657 2582 699 2649 sit
712 2582 789 2650 finis
802 2582 989 2676 qnaereudi3
1001 2607 1171 2677 quumque
1183 2582 1302 2650 habeas
1314 2580 1388 2675 plus
1396 2552 1415 2661 ,Ι

445 2695 637 2788 Pauperiem
652 2709 778 2767 metuas
790 2696 920 2781 minus,
932 2710 964 2763 et
977 2695 1075 2764 finire
1089 2695 1233 2764 laborem

445 2809 605 2902 incipias,
617 2823 712 2902 parto
726 2808 816 2904 quod
829 2808 957 2878 avebas.
972 2811 1023 2878 Ne
1037 2809 1154 2896 facias,
1167 2809 1256 2903 quod

445 2920 600 2990 Umidius
613 2922 766 3014 qnidam,
779 2946 847 2990 non
863 2920 961 3015 ionga
975 2936 1024 2990 est
1038 2920 1166 3008 fabula,
1179 2921 1286 3004 dives,

445 3037 493 3103 Ut
505 3035 676 3104 metiretur
688 3060 860 3121 nummos,
873 3037 918 3104 ita
933 3035 1104 3120 sordidus,
1117 3051 1154 3104 ut
1167 3060 1201 3104 se

446 3148 521 3218 Non
536 3171 693 3241 umquam
707 3173 801 3217 servo
814 3147 932 3218 melius
945 3150 1086 3218 vestiret
1102 3148 1152 3217 Ad
1165 3172 1269 3241 usque

445 3262 641 3354 Supremum
656 3276 802 3355 tempus,
816 3287 859 3331 ne
872 3288 905 3332 se
918 3264 1058 3357 penuria
1071 3263 1190 3335 victus.

446 3372 674 3465 Opprimeret‚
687 3372 871 3460 metuebat3
883 3387 918 3442 at
931 3374 1020 3442 hunc
1034 3372 1150 3442 liberta
1164 3373 1269 3441 securi

446 3483 568 3552 Divisit
580 3485 743 3573 medium,
756 3487 935 3558 fortissima
947 3488 1222 3581 Tyndaridarum.
1236 3528 1284 3538 -

448 3596 538 3683 Quid
551 3599 597 3665 mi
612 3599 714 3692 igitur
726 3599 864 3669 suades?
876 3604 924 3671 Ut
937 3602 1045 3669 vivam
1059 3600 1214 3671 Naevius?
1226 3600 1288 3668 aut
1297 3599 1343 3668 sic

447 3709 495 3774 Ut
507 3708 756 3779 Nomentanus?
767 3754 815 3765 -
828 3713 943 3807 Pergis
956 3713 1141 3807 pugnantia
1154 3735 1263 3781 secum

448 3821 626 3891 Frontibus
637 3823 781 3894 adversis
794 3827 1015 3921 oomponere?
1027 3831 1102 3898 Non
1117 3852 1196 3922 ego,
1209 3848 1342 3896 avarum

449 3931 562 4018 Quum
576 3948 651 4002 veto
664 3949 696 4004 te
709 3936 798 4024 fieri,
810 3964 951 4034 vappam
961 3940 1062 4033 jubeo
1075 3965 1115 4009 ac
1128 3939 1336 4009 nebulonem.

448 4046 507 4111 Est
521 4044 605 4112 inter
617 4048 755 4117 Tanaim
769 4051 926 4143 quiddam
941 4038 1157 4144 sooerumque
1170 4049 1293 4121 Viselli.
