3325 5342
379 635 441 725 174
600 634 642 720 Q.
675 633 895 700 HORATH
931 635 957 699 F
964 635 1125 703 LACCI

466 767 655 857 Mysorum,
668 778 700 832 et
715 765 749 830 in
764 786 862 857 quem
877 762 942 831 tela
955 779 1051 832 acuta
1064 779 1214 837 torserat.

467 880 600 947 Unxere
614 891 735 944 matres
749 873 817 943 lliae
831 873 1002 944 addictum
1017 877 1094 946 feris

468 987 610 1057 Alitibus
622 1002 721 1080 atque
733 987 871 1056 canibus
885 987 1086 1057 homicidam
1100 993 1295 1077 Hectorem,

468 1105 646 1194 Postquam
661 1099 784 1169 relictis
798 1101 961 1169 moenibus
976 1127 1032 1170 rex
1046 1105 1206 1197 procidit,

468 1210 557 1283 Heu!
573 1215 751 1308 pervicacis
765 1214 807 1281 ad
820 1214 920 1306 pedes
932 1215 1081 1285 Achillei.

469 1333 582 1398 Setosa
595 1327 688 1396 duris
701 1352 821 1396 exuere
834 1326 976 1421 pellibus

470 1443 643 1512 Laboriosi
659 1443 799 1535 remiges
812 1442 941 1527 Ulixei,

470 1555 610 1626 Volente
622 1557 736 1637 Circe,
750 1556 916 1644 membra;
930 1571 1010 1625 tunc
1023 1583 1133 1644 mens,
1147 1576 1178 1628 et
1195 1586 1295 1630 sonus

471 1670 648 1764 Relapsus,
660 1684 759 1764 atque
772 1684 872 1738 notus
886 1672 919 1739 in
935 1670 1046 1740 vultus
1060 1672 1175 1743 honor.

472 1784 558 1854 Dedi
573 1785 651 1853 satis
664 1808 829 1877 superque
842 1809 1015 1878 poenarum
1030 1787 1110 1873 tibi,

470 1901 587 1966 Amata
601 1897 709 1965 nautis
724 1896 867 1965 multum
881 1911 914 1966 et
928 1898 1142 1968 institoribus.

472 2012 571 2104 Fugit
580 2011 750 2103 juventas,
762 2025 794 2078 et
810 2012 1015 2080 verecundus
1028 2012 1120 2081 color

471 2124 619 2219 Reliquit
632 2148 706 2193 ossa
719 2122 804 2218 pelle
819 2126 940 2193 amicta
953 2125 1080 2213 lurida3
1102 2160 1110 2177 ·

471 2238 551 2306 Tuis
564 2235 703 2330 capillus
716 2235 810 2306 albus
823 2252 872 2307 est
887 2237 1065 2325 odoribus;

472 2350 611 2422 Nullum
624 2351 666 2418 ab
682 2349 795 2420 labore
808 2376 861 2420 me
875 2350 1014 2421 reclinat
1028 2354 1152 2440 otium;

473 2468 579 2560 Urget
593 2465 680 2533 diem
696 2490 779 2551 nox,
792 2479 825 2533 et
838 2465 908 2534 dies
924 2481 1072 2551 noctem,
1086 2493 1192 2561 neque
1206 2482 1252 2535 est

474 2580 599 2645 Levare
612 2591 702 2646 tenta
716 2578 836 2672 spiritu
850 2577 1041 2671 praecordia.

474 2693 564 2785 Ergo
578 2705 735 2785 negatum
749 2691 865 2759 vincor
878 2705 915 2759 ut
928 2690 1062 2760 credam
1079 2694 1191 2775 miser,

474 2804 604 2877 sabella
617 2819 730 2899 pectus
745 2807 915 2899 increpare
928 2807 1094 2889 carmina,

475 2924 648 3014 Caputque
661 2922 774 2988 Marsa
789 2916 930 2988 dissilire
944 2917 1051 2986 nenia.

475 3032 567 3121 Quid
580 3030 722 3125 amplius
736 3031 807 3098 vis?
819 3034 852 3099 Ο
865 3053 972 3116 mare,
985 3054 1006 3097 o
1020 3025 1122 3097 terra!
1138 3029 1238 3097 ardeo

475 3148 647 3235 Quantum
662 3170 769 3239 neque
781 3160 856 3213 atro
869 3142 1036 3212 delibutus
1049 3140 1207 3212 Hercules

474 3260 569 3330 Nessi
584 3284 720 3344 cruore,
733 3283 793 3327 nec
805 3260 924 3327 Sicana
938 3256 1065 3325 fervida

476 3377 601 3442 Furens
615 3374 648 3440 in
664 3375 759 3443 AEtnn
774 3371 918 3440 flamma.
933 3374 1002 3455 Tu,
1016 3371 1121 3438 donec
1133 3370 1215 3437 cinis

476 3487 650 3579 injuriosis
663 3486 776 3554 aridus
788 3486 896 3553 ventis
912 3482 1016 3569 ferar,

477 3597 572 3668 Cales
584 3599 719 3666 venenis
731 3596 867 3666 officina
880 3595 1055 3667 Colchicis.

477 3714 561 3800 Quae
574 3710 672 3780 finis?
684 3725 742 3779 aut
755 3711 846 3803 quod
859 3734 912 3778 me
925 3723 1038 3777 manet
1051 3706 1274 3801 stipendium?

477 3822 604 3909 Effare,
614 3824 721 3914 jussas
734 3847 809 3891 cnm
824 3820 890 3889 fide
902 3845 1016 3915 poenas
1031 3818 1138 3905 luam,

478 3940 615 4006 Paratus
629 3940 778 4031 expiare,
793 3962 850 4005 seu
865 3936 1054 4029 poposceris

480 4053 620 4118 Centum
632 4050 808 4141 juvencos,
821 4050 890 4116 sive
902 4046 1054 4115 mendaci
1068 4044 1137 4138 lyra
