3325 5342
497 754 793 824 cirninum
824 755 979 821 sinen
1012 756 1037 820 1.
1221 779 1263 850 ις

402 881 551 978 AEquor?
563 908 634 952 non
649 883 709 952 tibi
723 898 800 952 sunt
813 884 939 977 integra
953 881 1070 969 lintea,

402 999 479 1067 Non
495 994 559 1082 Di,
573 1020 658 1089 quos
672 996 789 1064 iterum
804 1018 913 1087 presse
928 1019 1023 1063 voces
1035 995 1132 1065 melu.

549 1108 710 1197 Quamvis
724 1106 858 1176 Pontica
873 1107 990 1199 pinus,

524 1219 618 1288 Silvae
633 1219 700 1288 lilia
716 1219 850 1301 nobilis,

402 1451 506 1517 lactes
518 1461 551 1513 et
565 1470 670 1539 genus
685 1459 718 1512 et
733 1469 856 1512 nomen
873 1445 1007 1530 inutile,

401 1558 455 1629 Nil
470 1559 566 1652 pictis
581 1559 720 1628 timidus
736 1558 846 1627 navita
861 1557 1028 1653 puppibus

544 1677 570 1741 F
572 1673 643 1741 idir„
659 1676 730 1757 Tu,
744 1672 809 1740 nisi
824 1673 931 1740 ventis

521 1786 631 1855 Debes
645 1784 849 1869 ludibrium,
863 1782 956 1853 curel

403 2013 516 2104 Nuper
530 2011 709 2081 sollicitum
724 2038 798 2106 quae
813 2011 895 2080 mihi
911 2010 1061 2097 taedium,

405 2129 502 2196 Nunc
517 2126 736 2214 desiderium,
750 2151 896 2219 curaque
910 2151 977 2193 non
992 2124 1089 2211 levis,

547 2240 712 2310 Interfusa
727 2242 870 2309 nitentes

526 2358 619 2424 Vites
632 2380 764 2448 aequora
780 2354 949 2475 Cyclaplas.

876 2476 895 2511 ι

787 2603 1270 2623 mmmmm

632 2799 773 2886 ODE
815 2800 928 2883 XV.

328 3055 465 3111 NEREI
485 3052 760 3110 VATlClNlUM
780 3054 838 3109 DE
858 3054 1047 3111 Exclmo
1069 3056 1226 3111 TROJAE.

409 3265 546 3331 Pisron
561 3283 666 3353 quum
680 3259 825 3330 traheret
838 3245 898 3355 per
912 3261 993 3331 frou
1008 3262 1146 3331 navibus

409 3372 505 3442 ldaeis
518 3371 666 3441 Helenen
682 3372 827 3465 perfidus
842 3375 1026 3468 hospitum,

410 3490 549 3579 Ingrato
562 3485 682 3555 celeres
696 3488 809 3557 obruit
823 3490 893 3557 otio

505 3603 647 3685 Ventos,
661 3615 698 3669 ut
711 3616 845 3671 caneret
858 3601 927 3670 fera

410 3828 538 3897 Nereus
552 3826 636 3895 fata:
651 3855 668 3890 ιι
683 3826 774 3896 Mala
790 3825 883 3895 ducis
896 3829 948 3896 avi
965 3828 1120 3913 domum,

408 3968 428 4003 α
442 3940 554 4027 Quam
567 3939 673 4009 multo
688 3953 813 4033 repetet
826 3940 955 4010 Graecia
969 3939 1092 4024 milite,

411 4079 429 4115 α
444 4050 626 4142 Conjuruta
640 4064 714 4123 tuas
728 4075 882 4145 rumpere
896 4053 1028 4145 nuptias

512 4191 529 4225 α
541 4166 582 4232 Et
597 4187 734 4255 regnum
749 4163 872 4233 Priami
887 4178 989 4235 vetus.

1144 4299 1168 4330 2,
