3325 5342
408 680 765 749 EPISTOLARUM
790 680 940 749 LIBER
963 684 989 748 L
1020 706 1070 750 10.
1157 687 1220 755 281

528 1117 852 1205 EPISTOLA
893 1123 953 1208 X.

485 1376 543 1431 ΔΙ)
567 1373 746 1431 Fuscum
770 1375 999 1434 Anlsrluu.

254 1604 362 1671 Unms
375 1611 554 1667 amatorem
567 1600 711 1665 Fuscum
724 1592 848 1663 salvere
856 1596 1011 1688 jubemus

254 1713 354 1781 Ruris
367 1726 548 1796 amatores,
562 1709 624 1778 hac
638 1709 672 1776 in
686 1732 722 1775 re
736 1705 861 1776 scilicet
873 1733 939 1777 nna

252 1825 397 1896 Multum
412 1823 603 1910 dissimiles,
615 1821 658 1891 ad
672 1836 788 1891 oaetera
801 1847 893 1915 paeue
907 1824 1055 1917 gemelli,

253 1940 420 2008 Fraternis
432 1938 570 2025 animis,
582 1935 745 2030 quidquid
758 1950 858 2029 negat
870 1935 967 2022 alter,
981 1953 1014 2007 et
1026 1938 1122 2026 elter3

254 2055 441 2123 Annuimus
454 2054 579 2147 pariter
590 2049 691 2120 vetuli
706 2051 843 2144 notique
857 2050 1011 2121 columbi.

253 2171 305 2236 Tu
318 2167 434 2235 nidum
449 2190 575 2251 servas,
589 2190 651 2259 ego
666 2163 765 2233 laudo
781 2164 868 2232 ruris
882 2168 1002 2233 amoeni

254 2281 372 2367 Rivos,
385 2294 417 2347 et
431 2303 544 2348 musco
558 2277 743 2346 circumlita
756 2301 850 2363 sexa,
863 2302 1054 2372 nemusque.

254 2394 345 2482 Quid
359 2391 501 2487 quaeris?
513 2391 599 2461 Vivo
613 2406 647 2459 et
661 2416 781 2487 regno,
796 2391 895 2460 simul
910 2393 972 2461 ista
986 2392 1122 2487 reliqui,
1183 2413 1190 2424 “

254 2510 336 2596 Quae
348 2532 406 2576 vos
419 2507 462 2575 ad
476 2504 594 2575 coelum
609 2503 732 2573 effertis
746 2529 879 2573 rumore
893 2507 1046 2576 secundo.

254 2624 365 2714 thue
378 2620 555 2690 sacerdotis
570 2619 748 2713 litgitivus‚
761 2618 828 2687 liba
843 2644 975 2706 recuso,

254 2737 342 2802 Pane
355 2757 436 2828 egeo
445 2734 515 2825 jam
530 2731 665 2801 mellitis
678 2731 807 2824 potiore
820 2731 989 2825 placentis.

302 2848 421 2916 Vivere
434 2861 560 2915 naturae
574 2846 602 2914 si
615 2846 847 2914 convenienter
859 2860 1006 2939 oportet,

255 2960 484 3053 Ponendaeque
497 2960 597 3028 domo
611 2957 787 3051 querenda
800 2973 850 3027 est
863 2983 940 3027 area
954 2961 1117 3053 primum,

194 2957 238 3193 N
255 3062 426 3142 Novistine
440 3070 549 3140 locum
564 3071 727 3164 potiorem
742 3095 818 3139 rure
831 3070 951 3140 beato?

255 3186 314 3251 Est
327 3183 384 3251 ubi
398 3181 473 3276 plus
487 3197 619 3275 tepeant
632 3181 780 3251 hiemes?
792 3183 861 3251 Ubi
877 3184 1003 3278 gratior
1015 3207 1095 3251 aura

256 3296 376 3365 Leniat
389 3309 423 3362 et
436 3294 561 3363 rabiem
576 3295 695 3380 Canis,
708 3309 741 3363 et
754 3310 922 3363 momenta
935 3295 1074 3380 LeouiS,

256 3411 371 3497 Quum
385 3405 485 3477 semel
498 3407 623 3499 aceepit
637 3406 739 3477 solem
753 3408 952 3476 furibundus
966 3406 1120 3476 acutum?

256 3525 314 3590 Est
328 3521 385 3589 ubi
402 3518 536 3589 divellat
548 3543 680 3589 somnos
694 3522 804 3590 minus
819 3520 931 3589 invida
944 3520 1045 3589 cura?

256 3635 411 3703 Deterius
426 3634 558 3727 Libycis
572 3633 640 3702 olet
652 3650 711 3703 aut
725 3635 807 3702 nitet
820 3634 922 3703 herba
936 3632 1078 3726 lapillis?

256 3750 375 3817 Purior
388 3750 422 3816 in
436 3749 517 3817 vicis
531 3772 617 3841 aqua
630 3748 736 3817 tendit
750 3772 903 3842 rumpere
916 3746 1107 3839 plumbum,

257 3863 366 3950 Quam
374 3886 447 3955 quae
455 3886 664 3955 perpronum
675 3861 901 3955 trepidatoum
910 3883 1080 3928 murmure
1090 3857 1220 3926 rivum?

256 3976 383 4066 Nempe
396 3975 482 4043 inter
493 3976 602 4044 varias
616 3976 762 4044 nutritur
776 3973 858 4042 silva
872 3972 1059 4055 oolummrs,

259 4086 492 4180 Laudaturque
507 4087 642 4174 domus,
656 4086 772 4181 longos
786 4111 859 4180 quae
872 4084 1031 4178 prospicit
1044 4108 1150 4176 agros.
