3325 5342
582 689 835 802 Quium

217 947 708 1104 HORATII
768 951 830 1111 F
842 948 1194 1109 LACCI

428 1292 975 1416 SATIRARUM

390 1554 637 1689 Lissi
686 1566 1018 1694 ruinius

545 2042 790 2131 SATIRA
826 2044 861 2128 1.

513 2275 573 2328 AD
597 2272 897 2329 MAECENATEM.

216 2464 310 2595 Qui
324 2488 380 2576 lit,
391 2491 572 2573 Maeoenas,
584 2500 622 2555 ut
635 2509 733 2555 nemo
747 2510 848 2579 quarn
862 2486 926 2557 sibi
939 2503 1060 2558 sortem

215 2606 278 2673 Seu
292 2603 376 2671 ratio
389 2600 534 2687 dederit,
546 2625 604 2669 seu
617 2599 687 2669 fors
699 2598 875 2693 obJeoerit,
887 2600 955 2670 ulla

215 2720 397 2786 Contentus
408 2714 519 2783 vivat?
531 2713 643 2783 laudet
657 2714 786 2783 diversa
798 2715 992 2808 sequentes?

215 2858 232 2892 α
245 2833 277 2899 0
289 2829 449 2898 fortunati
462 2824 677 2897 mercatores!
689 2856 707 2892 n
720 2829 830 2922 gravis
842 2829 939 2898 annis

214 2941 312 3012 Miles
324 2944 388 3028 ait,
399 2940 505 3011 multo
515 2942 586 3035 jam
601 2940 724 3011 fractus
737 2943 888 3011 membra
901 2941 1023 3013 labore.

214 3059 340 3126 Contra
351 3070 531 3141 mercator,
543 3080 661 3125 navem
672 3055 876 3149 jactantibus
889 3057 1035 3125 Austris:

214 3198 231 3232 α
244 3167 367 3238 Militia
379 3184 428 3237 est
439 3169 559 3263 potior.
575 3168 668 3258 Quid
681 3169 793 3238 enim?
806 3171 1036 3256 concurritur3
1048 3169 1139 3240 horae

214 3311 231 3345 α
244 3285 417 3351 Momento
430 3283 495 3351 cita
507 3307 597 3351 mors
610 3283 719 3369 venit,
731 3296 790 3350 aut
803 3283 942 3352 victoria
955 3283 1036 3353 laeta
1047 3312 1065 3349 o

214 3393 403 3489 Agrioolam
418 3394 531 3464 laudat
538 3395 624 3487 juris
639 3394 816 3490 legumque
830 3398 976 3490 peritus,

214 3508 282 3577 Sub
296 3506 374 3602 galli
388 3523 487 3577 cantu
501 3507 671 3577 consultor
684 3508 741 3577 ubi
757 3508 842 3577 ostia
856 3507 974 3601 pulsat

214 3619 293 3705 Ille,
305 3621 390 3690 datis
402 3620 559 3707 vadibus,
570 3622 628 3714 qui
644 3646 721 3690 rure
735 3635 900 3690 extractus
914 3621 947 3687 in
962 3620 1077 3689 urbem
1092 3633 1157 3703 est,

214 3732 308 3802 Solos
322 3731 431 3802 felices
442 3734 588 3803 viventes
602 3732 724 3803 clamat
737 3735 770 3802 in
784 3733 877 3802 urbe.

215 3848 339 3916 Cetera
353 3845 393 3914 de
407 3871 526 3941 genere
539 3847 622 3931 hoc,
634 3847 718 3916 adeo
732 3861 810 3915 sunt
822 3843 944 3930 multa,
956 3842 1125 3937 loquacem

214 3956 386 4028 Delassare
398 3958 510 4028 valent
522 3958 672 4027 Fabium.
688 3960 740 4028 Ne
752 3972 786 4026 te
798 3980 925 4041 morer,
936 3953 1014 4022 audi

215 4070 291 4157 Quo
305 4095 373 4139 rem
388 4070 559 4139 deducam.
572 4070 606 4138 Si
620 4070 695 4163 quis
707 4072 817 4154 Deus,
829 4097 847 4131 n
860 4069 910 4136 En
924 4091 1004 4161 ego,
1017 4065 1120 4149 dieat,
