3325 5342
524 708 741 775 EPODON
773 709 941 778 LIBER.
1163 711 1228 785 153

340 843 406 909 Aut
421 839 455 905 in
471 837 607 906 reducta
619 835 704 905 valle
718 838 939 930 mugientium

368 944 374 953 ’
436 954 628 1044 Prospectat
641 964 790 1018 errantes
806 976 940 1046 greges,

339 1065 544 1159 Inutilesque
556 1064 639 1134 falce
653 1089 763 1134 ramos
777 1081 972 1159 amputans,

436 1178 612 1250 Feliciores
626 1180 760 1265 inserit3

341 1300 408 1370 Aut
423 1319 534 1388 pressa
547 1294 641 1387 puris
654 1292 753 1364 mella
765 1296 880 1364 condit
892 1299 1080 1392 amphoris3

437 1411 505 1477 Aut
520 1408 636 1477 tondet
651 1406 800 1477 infirmas
814 1434 901 1479 oves.

341 1521 421 1606 Vel,
434 1546 537 1614 quum
553 1521 711 1589 decorum
726 1520 864 1590 mitibus
877 1524 985 1616 pomis
998 1538 1098 1618 caput

440 1637 649 1704 Auctumnus
663 1636 754 1729 agris
768 1634 903 1723 extulit,

342 1751 388 1816 Ut
403 1748 524 1842 gaudet
538 1748 672 1817 insitiva
687 1748 866 1842 decerpens
880 1749 971 1843 pira,

438 1865 629 1932 certantem
644 1877 677 1931 et
692 1887 790 1931 uvam
805 1885 979 1958 purpurae,

342 1977 418 2065 Qua
431 1992 626 2046 muneretur
640 1992 692 2064 te,
705 1978 844 2071 Priape,
856 1993 890 2047 et
903 1993 954 2066 te,
966 1995 1060 2074 pater

438 2090 588 2178 Silvane,
602 2107 695 2161 tutor
708 2090 845 2161 linium!

342 2205 440 2274 Libet
449 2205 560 2300 jacere
574 2207 675 2275 modo
689 2207 751 2276 sub
766 2208 904 2302 antiqua
918 2206 1009 2294 ilice,

438 2319 543 2389 Modo
558 2322 592 2389 in
607 2322 714 2392 tenaci
730 2323 890 2417 gramine.

343 2433 522 2503 Labuntur
535 2433 612 2505 altis
625 2437 760 2505 interim
777 2436 857 2506 rivis
869 2461 981 2531 aquae;

440 2548 638 2636 Queruntur
651 2551 686 2617 in
702 2549 793 2619 silvis
807 2576 902 2638 aves,

343 2666 530 2756 Fontcsqne
544 2662 687 2758 lymphis
702 2666 902 2761 obstrepunt
915 2667 1144 2752 manantibus,

439 2780 582 2847 Somnos
597 2779 687 2872 quod
702 2781 819 2850 invitet
833 2780 929 2851 leves,

344 2893 387 2960 At
401 2916 505 2985 quum
520 2894 668 2962 tonantis
682 2920 790 2965 annus
804 2896 964 2965 hibernus
977 2897 1068 2965 Jovis

438 3006 566 3076 Imbres
581 3009 740 3103 nivesque
754 3025 944 3104 comparat,

343 3123 412 3189 Aut
426 3119 531 3189 trudit
545 3145 637 3190 acres
652 3122 731 3193 hinc
744 3138 778 3192 et
792 3124 872 3195 binc
886 3124 991 3195 multa
1004 3149 1085 3193 cane

441 3237 550 3329 Apros
566 3237 600 3304 in
615 3236 784 3307 obstantes
798 3238 931 3335 plagos3

345 3352 414 3420 Aut
426 3350 526 3419 amite
541 3349 605 3419 levi
621 3377 698 3420 rara
713 3353 821 3422 tendit
836 3355 937 3441 retia,

439 3461 561 3531 Turdis
575 3463 732 3533 edacibus
747 3464 861 3553 dolos,

345 3575 571 3670 Pavidumque
582 3575 748 3671 leporem,
762 3595 796 3648 et
804 3579 966 3648 advenam
976 3577 1093 3672 laqueo
1104 3599 1238 3671 gruem,

440 3688 593 3759 Jucunda
607 3706 718 3785 captat
731 3693 876 3786 praemia

344 3803 429 3892 Quis
443 3829 511 3872 non
526 3803 712 3894 malarum,
725 3832 808 3901 quas
822 3831 918 3875 amor
931 3827 1028 3874 curas
1042 3802 1160 3889 habet,

439 3921 517 3987 Haec
532 3919 619 3988 inter
631 3919 864 3990 obliviscitur?

343 4031 444 4119 Quod
459 4033 485 4100 si
501 4031 622 4126 pudica
637 4033 757 4104 mulier
773 4037 806 4103 in
822 4048 951 4129 partem
962 4033 1064 4126 juvet.

440 4148 589 4215 Domum
604 4163 704 4242 atque
719 4147 834 4217 dulces
849 4148 989 4234 liberos,
