3325 5342
417 628 463 722 76

646 634 687 717 Q.
720 577 945 698 nonnrn
978 631 1173 698 rnnoor

562 759 747 828 Destrictus
760 759 848 826 ensis
862 758 915 825 eui
931 782 1030 850 super
1045 758 1147 851 impia

560 873 697 941 Cerviee
712 869 851 963 pendet,
865 895 932 938 non
947 869 1065 939 Sicuiae
1079 870 1178 964 dapes

607 983 748 1054 Dulcem
763 983 981 1053 elaborabunt
996 1007 1164 1077 saporem,

659 1100 735 1169 Non
750 1099 862 1166 avium
877 1098 1076 1192 citharreque
1090 1112 1205 1166 cantus

560 1356 721 1421 Somnum
736 1351 901 1419 reducent
915 1354 1058 1419 Somnus
1076 1350 1256 1443 agrestium

562 1467 662 1533 Lenis
677 1466 822 1532 virorum
839 1488 905 1530 non
921 1460 1063 1530 humiles
1077 1461 1194 1531 domos

609 1577 764 1661 Fastidit,
779 1577 1035 1668 umbrosamque
1051 1576 1175 1668 ripam,

657 1693 732 1759 Non
748 1690 906 1783 Zephyris
920 1691 1044 1783 agitata
1057 1692 1189 1782 Tempe.

560 1938 811 2007 Desiderantem
826 1937 916 2031 quod
932 1941 1011 2008 satis
1024 1955 1091 2024 est,
1105 1964 1211 2032 neque

559 2050 814 2119 Tumultuosum
830 2050 985 2120 sollicitat
998 2077 1106 2137 mare,

606 2163 676 2235 Nec
690 2190 793 2232 saevus
808 2166 942 2234 Arcturi
958 2166 1105 2234 cadentis

658 2280 822 2370 Impetus,
837 2294 894 2347 aut
908 2280 1045 2347 orientis
1058 2280 1171 2366 Haedi3

560 2532 637 2600 Non
652 2530 830 2599 verberatae
845 2533 1007 2625 grandine
1021 2534 1141 2619 vineae,

562 2643 762 2738 Fundusque
777 2647 936 2731 mendax,
950 2648 1069 2716 arbore
1084 2673 1172 2717 nunc
1184 2669 1286 2741 aquas

609 2757 793 2851 Culpante,
807 2784 896 2828 nunc
910 2763 1071 2829 torrentia
1085 2785 1183 2855 agros

656 2871 789 2957 Sidera,
804 2897 893 2941 nunc
907 2873 1031 2942 hiemes
1046 2874 1184 2966 iniquas.

562 3093 740 3158 Contracta
754 3091 860 3183 pisces
873 3115 1006 3184 nemora
1021 3092 1167 3160 sentiunt

560 3202 660 3270 Jactis
675 3203 708 3270 in
723 3201 827 3270 altum
844 3201 1006 3290 molibus3
1019 3203 1085 3276 huc
1099 3204 1252 3298 frequens

609 3319 775 3384 Caemento
790 3317 935 3386 demittit
950 3317 1139 3410 redemptor

657 3432 744 3499 Cum
759 3430 913 3517 famulis,
928 3431 1148 3524 dominusque
1163 3446 1257 3500 terre

562 3670 781 3758 Fastidiosus3
797 3672 854 3740 sed
868 3674 985 3741 Timor
997 3687 1030 3740 et
1043 3673 1145 3742 Minae

561 3782 730 3852 Scandunt
744 3784 879 3871 eodem,
893 3810 959 3879 quo
975 3786 1148 3874 dominus,
1164 3807 1269 3880 neque

609 3897 749 3965 Deeedit
761 3912 860 3967 aerata
874 3899 1020 3983 triremi,
1034 3914 1067 3968 et

658 4014 734 4078 Post
749 4013 893 4104 equitem
909 4013 999 4081 sedet
1013 4028 1084 4081 atra
1099 4017 1197 4082 Cura.
