3325 5342
196 708 218 738 v.
241 694 289 741 aa
366 687 671 761 sirinnuun
702 682 859 753 tinen
889 680 939 747 n.
973 669 1002 743 5.
1104 666 1173 757 249

195 822 279 906 Dic,
291 846 330 889 ex
344 836 438 915 parte
451 836 527 905 tua,
541 844 599 887 seu
613 815 728 905 fundi,
742 819 810 886 sive
823 813 941 883 domus
953 809 999 878 sit

197 937 354 1029 Emptor,
368 934 565 1029 gaudentem
581 956 719 1000 nummo
733 947 767 1000 te
779 929 940 1000 addicere.
953 922 1016 994 Sed
1030 945 1082 989 me

199 1049 380 1141 Imperiosa
396 1048 498 1117 trahit
510 1044 718 1141 Proserpina.
733 1047 836 1133 Vive,
849 1043 994 1136 valeque.

199 1272 1186 1308 mmmmmmmmmmmffl

515 1481 755 1569 SATIRA
798 1482 882 1568 Vl.

198 1720 277 1786 Hoc
292 1733 366 1786 erat
381 1719 415 1785 in
431 1719 535 1806 votis;
549 1719 669 1787 modus
683 1719 755 1813 agri
770 1740 838 1786 non
853 1718 900 1785 ita
913 1738 1073 1808 magnus,

198 1834 328 1900 Hortus
342 1832 423 1918 ubi,
435 1848 469 1900 et
483 1848 572 1901 tecto
586 1832 716 1901 vicinus
726 1832 817 1927 jugis
830 1854 925 1925 aquae
939 1829 1032 1912 lons,

198 1947 242 2012 Et
256 1944 401 2037 paulum
416 1945 506 2013 silvae
520 1970 621 2038 super
633 1946 688 2013 his
699 1946 795 2014 foret.
811 1946 948 2014 Auctius
961 1959 1059 2036 atque

198 2058 247 2124 Di
261 2057 389 2125 melius
404 2057 532 2142 fecere,
544 2059 631 2125 bene
644 2072 704 2127 est.
716 2057 810 2127 Nihil
825 2058 966 2150 amplius
979 2082 1056 2140 oio,

199 2169 296 2237 Maia
312 2184 414 2253 nate,
427 2169 495 2236 nisi
509 2183 549 2235 ut
562 2169 701 2262 propria
713 2170 783 2236 haec
797 2170 881 2236 mihi
894 2193 1031 2237 munera
1043 2167 1135 2235 faxis.

200 2282 238 2349 Si
253 2306 370 2375 neque
383 2282 552 2373 majorem
567 2282 631 2350 feci
646 2282 776 2349 ratione
788 2281 879 2350 mala
893 2307 981 2365 rem,

200 2397 235 2465 N
236 2419 277 2462 ec
291 2419 371 2461 sum
387 2393 543 2462 facturus
557 2394 642 2462 vitio
656 2394 795 2487 culpave
808 2395 989 2480 minorem3

200 2508 238 2576 Si
253 2531 405 2575 veneror
420 2505 548 2575 stultus
563 2505 648 2573 nihil
662 2507 786 2574 horum
797 2530 807 2575 τ
820 2510 853 2576 Ο
866 2508 894 2575 si
907 2505 1046 2600 angulus
1060 2504 1113 2572 ille

200 2621 391 2690 Proximus
405 2620 566 2705 accedat,
580 2621 638 2713 qui
654 2645 745 2688 nunc
760 2620 933 2688 denormat
945 2614 1102 2712 agellum!

200 2736 235 2801 Ο
251 2734 281 2801 si
296 2756 425 2801 urnam
440 2734 578 2826 argenti
593 2731 664 2800 fors
678 2754 752 2825 quac
766 2735 849 2801 mihi
863 2729 1036 2801 monstret!
1053 2746 1089 2798 ut
1103 2730 1169 2815 illi,

199 2846 382 2914 Thesauro
398 2846 562 2930 invento,
576 2847 635 2937 qui
650 2848 877 2914 mercenarius
890 2870 1006 2941 agrum

200 2958 307 3027 lllum
324 2960 441 3053 ipsum
457 2973 630 3026 mercatus
643 2959 770 3045 aravit,
784 2959 876 3027 dives
889 2960 996 3027 amico

200 3072 364 3141 Hercule.
371 3072 528 3165 Si,quod
537 3072 651 3159 adest,
660 3088 795 3166 gratum
802 3073 985 3165 juvat3ltac
994 3093 1089 3165 prece
1098 3082 1130 3134 te
1139 3088 1214 3145 oro,

200 3186 341 3279 Pingue
354 3209 462 3277 pecus
477 3185 621 3253 domino
635 3185 757 3272 facias,
770 3201 805 3254 et
817 3200 955 3270 caetera,
967 3197 1085 3277 prater

200 3298 417 3391 Ingenium,
431 3311 540 3389 utque
555 3296 660 3384 soles,
673 3313 788 3367 custos
801 3298 886 3365 milri
901 3296 1063 3364 maximus
1076 3290 1171 3359 adsis.

201 3413 302 3503 Ergo
318 3409 382 3477 uhi
398 3434 457 3476 me
472 3409 508 3475 in
525 3426 658 3479 montes
672 3427 706 3479 et
720 3412 755 3478 in
770 3435 882 3479 arcem
896 3434 936 3476 ex
950 3407 1032 3474 urbe
1046 3399 1187 3480 removi,

200 3523 305 3611 Quid
319 3522 424 3616 prius
441 3519 612 3590 illustrem
627 3524 738 3591 satiris
752 3546 914 3614 musaque
927 3513 1091 3611 pedestri?

200 3637 278 3704 Nec
293 3632 391 3702 mala
408 3658 468 3700 me
482 3633 629 3701 ambitio
643 3635 775 3727 perdit,
789 3658 852 3701 nec
865 3630 1040 3724 plumbeus
1053 3628 1186 3699 Auster,

200 3752 509 3837 Auctumnusque
525 3747 657 3838 gravis,
671 3747 830 3815 Libitinae
846 3755 988 3836 quaestus
1001 3734 1133 3804 acerbae.

253 3860 441 3928 Matutine
455 3870 576 3950 pater,
591 3882 650 3926 seu
664 3863 748 3927 Jane
763 3855 921 3923 libentius
935 3848 1047 3927 audis,

199 3972 309 4040 Unde
322 3971 496 4039 homines
510 3994 656 4062 operum
671 3970 802 4062 primos
817 3966 956 4053 vitaque
970 3956 1097 4023 labor&S

198 4085 426 4166 instituunt,
442 4082 496 4150 sic
511 4083 577 4149 Dis
591 4082 779 4174 placitum,
793 4090 830 4140 tu
845 4065 1001 4138 carminis
1015 4073 1084 4126 esto
