3325 5342
504 757 725 824 EPODON
757 758 923 823 LIBER.
1142 760 1204 829 165

460 890 595 972 Auster,
608 900 775 955 memento
789 887 953 956 fluetibus.

365 1003 469 1095 Niger
482 999 638 1068 rudentes
650 1003 777 1083 Eurus,
792 1001 922 1068 inverso
937 1002 1039 1085 mari,

460 1118 488 1183 F
489 1128 661 1206 raetosque
676 1138 784 1182 remos
798 1113 940 1184 differat

365 1230 521 1320 Insurgat
534 1225 673 1319 Aquilo,
686 1241 831 1319 quantus
844 1226 920 1295 altis
932 1228 1101 1297 montibus

460 1341 599 1434 Frangit
612 1355 790 1409 trementes
805 1339 903 1410 ilices.

365 1457 434 1523 Nec
447 1454 538 1523 sidus
550 1456 623 1522 atra
638 1469 734 1523 noete
748 1455 891 1522 amicum
905 1472 1079 1549 appareat,

460 1570 537 1657 Qua
551 1569 655 1636 tristis
669 1569 776 1638 Orion
791 1567 897 1653 cadit,

364 1681 537 1768 Quietiora
550 1706 611 1749 nee
625 1680 750 1749 feratur
763 1705 912 1772 aequore,

460 1798 571 1883 Quam
585 1796 689 1864 Graia
703 1795 868 1863 victorum
883 1819 1019 1879 manus,

364 1910 479 1998 Quum
492 1907 600 1997 Pallas
614 1923 690 1977 usto
703 1909 802 1978 vertit
816 1909 899 1976 iram
913 1909 955 1976 ab
968 1907 1031 1977 llio

460 2026 500 2090 ln
516 2023 652 2115 impiam
665 2023 774 2115 Ajaeis
789 2035 903 2090 ratem.

365 2140 396 2203 0
410 2151 553 2229 quantus
567 2137 668 2204 instat
682 2136 801 2204 navitis
815 2136 918 2205 sudor
931 2137 1014 2219 tuis,

460 2248 601 2341 Tibique
614 2247 722 2342 pallor
736 2247 862 2333 luteus,

365 2362 406 2427 Et
421 2358 477 2427 illa
491 2384 559 2427 non
573 2360 678 2429 virilis
691 2359 846 2453 ejulatio,

459 2477 575 2543 Preoes
588 2489 621 2543 et
634 2499 786 2543 aversum
799 2474 843 2542 ad
856 2476 988 2559 lovem,

363 2588 478 2656 lonius
491 2587 559 2656 udo
572 2612 677 2682 quum
692 2589 883 2682 remugiens
897 2588 989 2655 sinus

460 2704 548 2771 Noto
562 2703 709 2771 carinam
726 2698 869 2795 ruperit!

364 2814 486 2906 Opima
499 2815 589 2908 quod
604 2816 631 2884 si
645 2814 757 2908 praeda
770 2839 874 2882 curvo
888 2813 985 2882 litore

459 2931 616 2997 Porrecta
630 2953 762 3022 mergos
772 2929 915 3021 juverit,

367 3041 581 3112 Libidinosus
596 3043 825 3112 immolabitur
837 3067 951 3136 caper,

463 3154 506 3224 Et
518 3181 605 3250 agna
617 3157 877 3251 tempestatibus.

223 3375 1206 3402 mmmmmssmmmmm
1268 3388 1279 3411 ι

580 3546 722 3632 ODE
764 3548 855 3633 XI.

562 3767 621 3820 ao
649 3767 870 3823 rncr1un.

369 3946 491 4026 Pueri,
504 3944 588 4012 nihil
602 3971 673 4029 me,
686 3947 770 4014 sicut
783 3961 896 4029 antea,
905 3947 1000 4037 juvat

321 4056 471 4124 Scribere
484 4057 663 4126 versiculos
676 4082 789 4125 amore
802 4055 989 4151 perculsum
1005 4056 1114 4150 gravi3

367 4168 506 4251 Amore,
519 4168 576 4260 qui
590 4193 643 4235 me
655 4183 774 4261 praeter
786 4193 901 4236 omnes
914 4167 1037 4260 expetit
