3325 5342
214 733 288 767 mr
384 709 694 780 SATIRARUM
725 706 885 775 LIBER
915 707 964 772 11.
998 704 1029 775 3.
1129 731 1200 800 229

215 848 293 935 Quo
306 842 399 912 vafer
414 839 470 909 ilie
484 838 584 934 pedes
598 837 730 908 lavisset
742 835 903 930 Sisyphus
916 859 988 904 aere.

215 959 308 1048 Quid
322 955 485 1049 scalptum
500 952 647 1038 infabre,
661 950 743 1045 quid
757 950 870 1020 fusum
885 950 1002 1019 durius
1015 964 1108 1019 esset.

215 1070 365 1143 Callidus
378 1069 457 1138 buia
471 1068 568 1161 signo
581 1065 745 1159 ponebam
760 1063 865 1133 millia
880 1077 1023 1133 eentum.

214 1189 338 1255 Hortos
351 1181 563 1278 egregiasque
577 1179 694 1247 domos
707 1178 885 1246 mercarier
897 1201 984 1245 unus

215 1302 303 1368 Cum
317 1297 411 1366 luero
425 1319 559 1379 noram3
572 1291 662 1361 unde
676 1290 861 1385 frequentia
867 1274 1074 1360 ’Mercuriale

215 1415 406 1504 Imposuere
420 1406 502 1475 mihi
517 1428 703 1500 cognomen
718 1403 874 1495 oompita.

592 1537 822 1586 nonarius.

891 1630 997 1715 Novi,

213 1750 255 1815 Et
269 1746 374 1815 miror
387 1747 495 1817 morbi
511 1760 692 1841 purgatum
707 1758 740 1812 te
754 1741 853 1811 iilius.

561 1878 852 1929 manasserus.

873 1970 974 2062 Atqui

213 2085 345 2154 Emovit
357 2099 501 2154 veterem
516 2086 599 2154 mire
613 2108 738 2171 novus,
750 2097 789 2151 ut
802 2080 903 2168 solet,
918 2083 952 2150 in
966 2106 1025 2151 cor

212 2199 362 2292 Trajeeto
376 2198 488 2269 lateris
500 2200 612 2269 miseri
627 2199 787 2293 capitisve
800 2196 934 2283 dolora3

212 2315 260 2381 Ut
274 2312 474 2408 lethargicus
487 2313 558 2401 hic,
568 2338 673 2408 quum
687 2312 725 2381 fit
741 2309 851 2406 pugil,
861 2326 895 2381 at
909 2309 1075 2380 medicum
1089 2326 1194 2405 urget.

590 2450 752 2497 nonani
761 2449 820 2496 us.

213 2543 303 2609 Dum
318 2565 360 2609 ne
373 2540 455 2634 quid
468 2540 577 2610 simile
591 2540 687 2627 huic,
699 2554 770 2609 esto
784 2554 822 2607 ut
837 2539 926 2608 libet.

558 2676 848 2723 nnmasrrrus.

945 2770 1096 2855 otone,
1108 2792 1149 2836 ne
1163 2782 1195 2836 te

213 2883 400 2969 Frustrere3
413 2882 538 2952 insanis
552 2897 586 2952 et
599 2899 654 2971 tu,
667 2881 827 2977 stultique
841 2908 945 2978 prope
959 2907 1093 2968 omnes,

212 2993 247 3061 Si
261 2994 342 3087 quid
354 2997 532 3066 Stertinius
545 2997 614 3066 veri
629 3013 760 3092 erepat3
773 2998 862 3067 unde
876 3021 938 3092 ego
952 2998 1037 3065 mira

209 3108 380 3201 Descripsi
394 3108 511 3178 docilis
524 3126 689 3205 praecepta
702 3111 789 3199 haec,
802 3126 951 3205 tempore
965 3134 1032 3204 quo
1047 3133 1100 3178 me

212 3215 343 3288 Solatus
353 3220 452 3312 jussit
464 3224 645 3316 sapientem
660 3249 793 3318 pascere
807 3224 964 3309 barbam,

212 3333 321 3425 Atque
334 3357 355 3401 a
368 3335 519 3404 Fabricio
533 3363 599 3405 non
615 3337 743 3407 tristem
758 3351 859 3431 ponte
874 3336 1002 3406 reverti.

212 3447 299 3516 Nam
314 3445 399 3515 male
413 3472 449 3516 re
462 3463 553 3542 gesta
565 3475 670 3543 quum
684 3449 802 3525 vellem
817 3451 949 3519 mittere
963 3462 1079 3542 operto

211 3559 269 3626 Me
282 3560 390 3652 eapite
404 3560 437 3627 in
453 3559 594 3648 flumen,
608 3563 723 3633 dexter
737 3564 907 3649 stetit‚>et:
923 3564 1012 3631 Cave
1026 3561 1110 3629 faxis

211 3673 258 3738 Te
271 3670 453 3764 quidquam
463 3673 658 3768 indignum
667 3676 787 3769 pudor,
797 3676 921 3769 inquit,
930 3688 963 3742 te
972 3671 1078 3741 maius
1087 3671 1196 3765 angit,

211 3783 349 3851 Insanos
362 3785 421 3877 qui
436 3785 521 3854 inter
534 3810 669 3856 vereare
683 3789 819 3858 insanus
831 3788 958 3856 baberi.

211 3895 360 3966 Primum
369 3923 447 3967 nam
457 3901 643 3995 inquiram,
654 3902 737 3996 quid
746 3903 789 3971 sit
797 3902 926 3987 furere3
937 3901 1002 3969 boc
1009 3898 1037 3968 si
1045 3898 1109 3966 erit
1118 3898 1152 3965 in
1162 3912 1196 3967 te

210 4007 306 4096 Soio,
320 4010 366 4080 nil
380 4015 491 4101 verbi,
505 4040 620 4108 pereas
633 4016 714 4110 quin
730 4016 878 4101 fortiter,
890 4014 1021 4083 addam.

260 4125 368 4213 Quem
383 4126 471 4196 mala
485 4127 644 4214 stultitia,
656 4145 691 4199 et
703 4153 946 4223 quemeumque
962 4126 1092 4197 inscitia
1105 4124 1173 4192 veri
