3325 5342
229 655 305 710 att
410 652 718 721 SATIRARUM
749 652 964 721 LIBERI.
995 676 1022 720 1.
1143 652 1206 724 183

230 787 305 854 Non
318 797 395 851 tuus
408 781 472 849 hoe
484 779 591 873 capiet
604 793 717 848 venter
729 778 804 873 plus
817 804 856 850 ac
868 805 980 867 meus3
993 795 1048 867 ut,
1061 779 1088 850 si

231 893 417 964 Reticulum
431 894 525 987 panis
539 890 670 961 venales
683 893 903 962 inter'onusto

232 1014 330 1078 Forte
343 1008 443 1077 vehas
455 1006 613 1092 humero,
626 1006 731 1075 nihilo
745 1005 820 1101 plus
834 1008 976 1102 accipias
988 1010 1089 1101 duam

233 1123 301 1211 Qui
315 1121 361 1190 nil
375 1119 525 1215 portarit
538 1117 600 1188 Vel
615 1118 685 1205 dic,
699 1119 780 1212 quid
794 1122 914 1190 referat
928 1122 1016 1189 intra

233 1240 368 1307 Naturae
382 1234 464 1303 fines
475 1233 618 1314 viventi,
626 1233 744 1326 jugera
758 1250 908 1321 eentum,
920 1260 964 1303 an

233 1348 327 1418 Mille
336 1347 481 1417 aretl—
489 1350 533 1416 At
543 1358 641 1415 sua've
654 1360 704 1415 est
714 1370 754 1415 ex
765 1372 887 1443 magno
900 1347 1016 1417 tollere
1028 1373 1153 1419 noervo.
1165 1391 1211 1400 -

234 1466 325 1531 Dum
338 1486 378 1529 ex
391 1485 494 1554 parvo
508 1458 605 1528 nobis
618 1458 822 1529 tantumdem
837 1460 970 1528 haurire
983 1459 1164 1555 relinquas,

234 1579 304 1645 Cur
317 1588 373 1643 tua
387 1573 462 1668 plus
476 1572 589 1642 laudes
603 1572 746 1643 cumeris
759 1574 913 1666 'granaria
927 1575 1070 1644 nostris?

236 1692 299 1773 Ut,
312 1688 371 1756 tibi
386 1689 413 1756 si
427 1689 470 1757 sit
483 1713 567 1781 opus
581 1685 700 1781 liquidi
714 1711 781 1754 nou
795 1685 939 1780 amplius
950 1712 1052 1774 urna,

235 1797 295 1867 Vel
310 1798 443 1893 cyatho,
455 1814 488 1868 et
502 1798 610 1867 dieas:
625 1827 642 1863 a
656 1800 782 1892 Magno
797 1796 838 1865 de
851 1797 987 1866 flumine
1000 1796 1130 1885 malim,

236 1942 253 1977 a
266 1915 375 2001 Quam
388 1938 429 1982 ex
442 1913 507 1982 hoe
519 1911 684 1983 fonticulo
696 1911 904 1981 tantumdem
918 1936 1056 1982 sumere.
1066 1943 1083 1978 a
1097 1917 1146 1982 Eo
1160 1913 1214 2000 lit,

236 2024 369 2096 Plenior
382 2042 421 2095 ut
434 2028 461 2095 si
473 2052 558 2120 quos
572 2026 713 2096 delectat
726 2027 823 2121 copia
832 2027 940 2120 justo,

237 2142 322 2208 Cum
337 2139 410 2233 ripa
422 2138 519 2208 simul
533 2139 664 2209 avulsos
680 2139 763 2209 ferat
775 2137 915 2210 Aufidus
929 2164 1012 2210 aoer.

238 2255 279 2321 At
293 2254 349 2346 qui
363 2252 483 2322 tantuli
496 2267 569 2348 eget
582 2268 708 2348 quanto
721 2269 771 2323 est
783 2278 885 2348 opus,
899 2254 927 2322 is
940 2278 1047 2347 neque
1059 2251 1139 2322 limo

238 2367 417 2435 Turbatam
431 2367 543 2439 haurit
553 2393 689 2461 aquam,
698 2392 805 2461 neque
815 2367 918 2435 vitani
929 2368 1052 2436 amittit
1063 2368 1096 2435 in
1109 2366 1215 2436 undis

238 2484 280 2550 At
294 2482 380 2550 bona
393 2507 469 2576 pars
483 2482 656 2551 hominum
672 2483 810 2577 derepta
820 2478 976 2576 cupidine
989 2478 1089 2567 falso,

240 2622 256 2655 ι(
269 2593 326 2664 Nil
337 2595 415 2665 satis
423 2595 618 2689 est,inquit,
626 2596 705 2688 quia
715 2594 984 2687 tanti,quantum
995 2593 1131 2679 habeas,
1140 2593 1192 2661 sis.
1201 2622 1218 2655 n

240 2707 331 2794 Quid
346 2706 444 2776 facias
458 2705 657 2799 illiljubeas
670 2709 829 2776 miserum
843 2731 913 2776 esse
925 2705 1079 2793 libenter,

241 2821 411 2907 Quatenus
425 2820 458 2888 id
473 2820 568 2905 facit3
581 2835 619 2890 ut
633 2820 768 2914 quidam
783 2834 986 2889 memoratur
999 2819 1135 2889 Athenis

240 2933 400 3003 Sordidus
413 2959 451 3003 ac
466 2933 573 3019 dives,
585 2932 702 3027 populi
716 2948 928 3003 contemnere
941 2930 1037 3001 voces

241 3049 295 3117 Sic
308 3045 440 3117 solitus:
455 3077 472 3111 n
485 3047 634 3142 Populus'
647 3072 700 3116 me
713 3047 841 3132 sibilat3
854 3061 889 3114 at
901 3047 983 3114 milii
997 3042 1120 3140 plaudo

242 3164 347 3255 «lpse
361 3161 470 3247 domi,
484 3159 634 3230 simulac
648 3185 803 3230 nummos
817 3158 1025 3254 contemplor
1037 3160 1071 3227 in
1085 3183 1169 3228 arca
1180 3185 1197 3220 ›>

242 3272 401 3342 Tantalus
414 3300 434 3342 a
447 3273 547 3342 labris
560 3274 673 3343 sitiens
688 3273 850 3368 fugientia
863 3286 973 3366 captat

244 3386 406 3455 Flumina.
421 3386 513 3476 Quid
526 3386 635 3455 rides?
646 3401 775 3456 mutato
788 3386 942 3471 nomine,
956 3384 997 3452 de
1010 3398 1042 3452 te

244 3499 368 3569 Fabula
380 3516 543 3589 narratur.
557 3501 733 3595 Congestis
746 3497 1011 3593 undique'saecis

244 3613 410 3683 Indormis
423 3613 572 3698 inhians,
584 3628 618 3682 et
630 3628 800 3707 tamquam
813 3612 948 3706 paruere
961 3608 1060 3677 sacris

246 3727 399 3820 Cogeris,
410 3740 468 3795 aut
480 3726 576 3820 pictis
590 3741 760 3819 tamquam
774 3724 917 3819 gaudere
930 3719 1067 3790 tabellis.

245 3840 375 3926 Nescis,
387 3864 454 3932 quo
468 3837 574 3907 valeat
586 3837 767 3907 nummus?
777 3859 878 3931 quem
891 3832 1034 3927 praebeat
1046 3827 1166 3899 usu'm?

246 3953 344 4021 Panis
356 3967 500 4037 ematur,
513 3952 603 4037 olus,
615 3953 685 4019 viiii
699 3951 879 4033 sextarium
890 3945 992 4031 adde,

248 4065 331 4150 Quis
344 4064 490 4135 huinana
503 4065 565 4133 sibi
579 4062 690 4132 doleat
701 4066 821 4131 natura
829 4058 970 4151 negatis.
