3325 5342
415 660 479 703 120
634 635 675 720 Q.
708 633 932 701 uouurrr
964 632 1158 698 ruuccr

551 766 623 831 Jern
638 775 751 855 pastor
763 759 899 829 umbras
912 783 988 828 cum
1003 781 1102 854 grege
1116 757 1272 852 languido

555 878 741 970 Rivumque
755 875 859 944 sessus
873 875 1008 968 quierit,
1020 889 1055 943 et
1068 873 1196 943 horridi

601 993 747 1058 Dumeta
759 988 884 1058 Silvani
894 1013 904 1073 ;
917 1001 1071 1081 caretque

653 1103 739 1194 Ripa
753 1104 845 1195 vagis
858 1101 1021 1168 taciturna
1036 1101 1150 1168 ventis.
1240 1177 1244 1186 Ι

559 1354 628 1437 Τυ,
641 1351 805 1418 civitatem
820 1349 894 1441 quis
909 1348 1020 1415 deceat
1034 1362 1155 1432 status,

561 1467 683 1547 Cures,
696 1478 729 1531 et
743 1463 825 1532 Urbi
842 1459 1000 1528 sollicitus
1014 1461 1127 1544 times,

607 1576 697 1663 Quid
711 1580 821 1658 Seres,
835 1589 867 1640 et
882 1588 1016 1665 regnata
1031 1576 1119 1666 Cyro
1201 1579 1211 1600 '

658 1692 771 1758 Bactra
786 1702 919 1779 parent,
932 1688 1118 1780 Tanaisque
1132 1687 1265 1753 discors.

562 1936 708 2025 Prudens
722 1937 824 2005 futuri
840 1938 998 2031 temporis
1011 1939 1135 2005 exitum

562 2047 751 2143 Caliginosa
766 2064 862 2118 nocte
876 2051 997 2143 premit
1010 2054 1120 2135 Deus,

610 2161 790 2255 ludetque,
804 2163 831 2230 si
845 2161 995 2231 mortalis
1008 2161 1095 2231 ultra

659 2278 721 2342 Fas
735 2275 887 2368 trepidat.
902 2274 1004 2363 Quod
1017 2276 1126 2360 adest,
1140 2288 1304 2342 memento

566 2530 774 2620 Componere
787 2552 917 2621 aequus3
931 2542 1045 2597 caetera
1061 2529 1207 2596 fluminis

568 2642 646 2709 Ritu
661 2642 830 2729 feruntur,
845 2668 935 2711 nunc
949 2642 1058 2711 medio
1074 2640 1167 2710 alveo

615 2757 701 2823 Cum
716 2780 795 2849 paee
809 2755 992 2825 delabentis
1005 2758 1179 2824 Etruscum

662 2875 701 2938 ln
717 2894 824 2953 mare3
838 2896 928 2939 nunc
943 2869 1066 2963 lapides
1080 2869 1212 2954 adesos,

568 3112 757 3205 stirpesque
772 3127 898 3205 raptas,
913 3125 944 3179 et
958 3134 1075 3204 pecus,
1087 3125 1120 3178 et
1134 3110 1250 3178 domos

569 3223 739 3293 Volventis
753 3250 837 3310 una,
851 3250 917 3293 non
932 3225 1003 3293 sine
1017 3226 1181 3292 montium

615 3336 769 3407 Clamore
783 3340 963 3431 vicinaeque
978 3336 1084 3420 siivae,
1132 3419 1139 3428 ⁶

664 3454 776 3538 Quum
792 3452 862 3520 fera
876 3448 1015 3518 diluvies
1029 3452 1157 3542 quietos

546 3719 549 3726 ’
569 3693 681 3760 irritat
694 3717 815 3762 amnes.
831 3692 892 3762 lile
906 3708 1022 3787 potens
1037 3694 1088 3761 sui

569 3808 743 3899 Laetusque
757 3807 872 3901 deget,
886 3807 939 3875 cui
954 3805 1031 3875 licet
1045 3807 1079 3874 iu
1095 3806 1182 3874 diem

617 3921 765 3990 Dixisse:
780 3923 867 3990 Vixi.
884 3924 967 3990 Cras
979 3919 1029 3989 vei
1044 3936 1115 3989 atra

664 4035 761 4103 Nube
776 4035 890 4126 poium
905 4039 1003 4103 Pater
1015 4047 1193 4127 occupato,
