3325 5342
227 684 325 732 Η90
387 666 752 734 EPISTOLARUM
777 668 929 735 LIBER
953 669 999 733 ll.
1027 692 1058 734 2.
1146 668 1215 762 319

227 803 328 883 Utar,
341 811 374 866 et
387 822 427 865 ex
440 796 591 882 modico,
604 810 766 889 quantum
781 820 834 864 res
848 810 977 889 poscet,
990 821 1108 865 acervo

227 909 373 997 Tollam3
388 934 450 978 nec
464 923 630 993 metuam,
643 908 725 1001 quid
739 908 781 977 de
795 933 848 976 me
859 908 986 1001 judicet
999 909 1111 993 heres,

228 1024 330 1114 Quod
345 1050 412 1092 non
426 1022 524 1117 plura
539 1022 624 1091 datis
639 1023 822 1107 invenerit,
835 1037 868 1090 et
883 1038 991 1091 tamen
1007 1022 1093 1091 idem

228 1141 319 1209 Scire
331 1137 457 1224 volam,
470 1151 632 1231 quantum
646 1135 785 1230 simplex
800 1135 980 1230 hilarisque
993 1140 1105 1230 nepoti

227 1254 422 1347 Discrepet,
434 1267 468 1320 et
480 1264 642 1344 quantum
658 1248 824 1318 discordet
838 1275 956 1342 parcus
969 1275 1078 1320 avaro.

228 1364 339 1432 Distat
348 1364 452 1448 enim,
462 1387 598 1457 spargas
608 1376 665 1429 tua
674 1360 903 1455 prodigus,an
914 1387 1021 1456 neque
1030 1379 1199 1457 sumptum

229 1477 359 1545 Invitus
373 1475 489 1561 facias,
503 1499 611 1567 neque
624 1471 722 1567 plura
737 1497 855 1567 parare
869 1473 1015 1562 labores;

230 1591 279 1657 Ac
292 1589 422 1682 potius,
434 1612 518 1682 puer
531 1602 569 1656 ut
582 1587 673 1655 festis
687 1586 942 1680 quinquatribus
956 1588 1053 1676 olim,

225 1704 356 1797 Exiguo
370 1717 531 1797 gratoque
545 1701 666 1770 fruaris
681 1716 829 1795 tempore
845 1704 974 1796 raptim.

226 1817 403 1911 Pauperies
417 1816 591 1885 immunda
606 1816 725 1884 domus
739 1815 856 1909 procul
870 1817 973 1904 absit3
985 1844 1066 1912 ego,
1079 1835 1191 1888 utrum

226 1933 318 2002 Nave
332 1932 420 2000 ferar
432 1955 554 2025 magua
568 1955 611 1998 au
627 1954 746 2023 parva,
760 1931 848 1999 ferar
862 1955 949 1999 unus
962 1947 994 2000 et
1011 1933 1107 2002 idem.

226 2047 302 2115 Non
316 2045 448 2139 agimur
461 2043 597 2114 tumidis
610 2043 692 2112 velis
706 2044 874 2138 Aquilone
887 2046 1049 2132 seeund03

227 2160 304 2230 Non
319 2173 429 2227 tamen
443 2158 566 2227 aversis
581 2172 708 2225 aetatem
724 2157 877 2228 ducimus
892 2161 1039 2246 Austris,

225 2271 382 2356 Viribus,
395 2273 549 2366 ingenio,
562 2272 689 2366 specie,
702 2271 841 2357 virtute,
855 2271 946 2359 loco,
960 2298 1012 2355 re,

224 2385 371 2452 Extremi
386 2385 590 2478 primorum,
604 2385 759 2454 extremis
772 2407 878 2478 usque
891 2385 1027 2478 priores.

224 2499 301 2566 Nou
314 2523 349 2566 es
361 2521 497 2584 avarus3
509 2497 573 2566 abi.
589 2497 684 2587 Quid
697 2496 837 2566 caetera?
845 2498 915 2591 jam
930 2497 1028 2568 simul
1044 2500 1106 2567 isto

225 2613 311 2679 Cum
325 2610 407 2678 vitio
418 2609 554 2704 fugere?
567 2613 667 2680 Caret
681 2611 741 2678 tibi
756 2624 870 2704 pectus
884 2612 975 2679 inani

223 2722 435 2792 Ambitione?
448 2727 548 2792 Caret
560 2724 678 2791 mortis
693 2723 891 2810 formidine,
903 2740 937 2793 et
950 2725 1021 2793 ira?

224 2838 376 2920 Somnia,
390 2850 533 2904 terrores
547 2836 713 2929 magicos,
727 2836 905 2923 miracula,
919 2862 1031 2932 sagas,

223 2953 413 3020 Nocturnos
427 2948 588 3038 lemures,
601 2965 820 3044 portentaque
834 2951 990 3020 Thessala
1004 2952 1112 3022 rides?

224 3063 357 3132 Natales
371 3078 464 3157 grate
478 3063 654 3132 numeras?
667 3064 817 3158 Ignoscis
831 3063 968 3133 amicis?

223 3178 347 3246 Lenior
359 3192 392 3246 et
405 3175 524 3245 melior
537 3176 577 3244 fis
590 3177 765 3246 accedente
778 3177 930 3247 senecta?

222 3290 314 3379 Quid
328 3306 360 3360 te
373 3306 524 3384 exempta
535 3292 630 3383 juvat
644 3291 748 3385 spinis
760 3292 802 3360 de
815 3289 967 3385 pluribus
981 3289 1070 3359 una?

221 3405 341 3473 Vivere
354 3405 381 3472 si
396 3419 483 3473 recte
496 3405 620 3490 nescis,
633 3404 754 3474 decede
768 3405 894 3499 peritis.

221 3516 346 3584 Lusisti
360 3517 457 3601 satis,
469 3516 566 3585 edisti
581 3516 677 3602 satis,
690 3532 791 3610 atque
803 3516 935 3599 bibisti3

220 3633 366 3723 Tempus
378 3631 468 3699 abire
482 3631 542 3699 tibi
556 3645 623 3716 est,
637 3657 678 3700 ne
691 3646 807 3726 potum
822 3631 946 3725 largius
958 3655 1053 3722 aequo

222 3741 356 3829 Rideat,
369 3760 402 3812 et
414 3743 522 3837 pulset
536 3743 657 3814 lasciva
672 3745 841 3814 decentius
854 3758 940 3813 retas.
