<?xml version="1.0" encoding="UTF-8"?>
<!DOCTYPE html PUBLIC "-//W3C//DTD XHTML 1.0 Transitional//EN"
    "http://www.w3.org/TR/xhtml1/DTD/xhtml1-transitional.dtd">
<html xmlns="http://www.w3.org/1999/xhtml" xml:lang="en" lang="en">
 <head>
  <title>
</title>
<meta http-equiv="Content-Type" content="text/html;charset=utf-8" />
  <meta name='ocr-system' content='tesseract 3.04.00' />
  <meta name='ocr-capabilities' content='ocr_page ocr_carea ocr_par ocr_line ocrx_word'/>
</head>
<body>
  <div class='ocr_page' id='page_1' title='image "./quintushoratius00didogoog_0349.png"; bbox 0 0 3325 5342; ppageno 0'>
   <div class='ocr_carea' id='block_1_1' title="bbox 231 614 1207 684">
    <p class='ocr_par' dir='ltr' id='par_1_1' title="bbox 231 614 1207 684">
     <span class='ocr_line' id='line_1_1' title="bbox 231 614 1207 684; baseline 0.009 -9"><span class='ocrx_word' id='word_1_1' title='bbox 231 630 325 677; x_wconf 68' lang='lat' dir='ltr'>mar</span> <span class='ocrx_word' id='word_1_2' title='bbox 389 614 752 683; x_wconf 77' lang='lat' dir='ltr'><strong>EPISTULARUM</strong></span> <span class='ocrx_word' id='word_1_3' title='bbox 777 615 925 683; x_wconf 85' lang='lat' dir='ltr'>LIBER</span> <span class='ocrx_word' id='word_1_4' title='bbox 950 616 997 681; x_wconf 91' lang='lat' dir='ltr'>Il.</span> <span class='ocrx_word' id='word_1_5' title='bbox 1030 638 1056 682; x_wconf 89' lang='lat' dir='ltr'>r.</span> <span class='ocrx_word' id='word_1_6' title='bbox 1144 614 1207 684; x_wconf 74' lang='lat'>311</span> 
     </span>
    </p>
   </div>
   <div class='ocr_carea' id='block_1_2' title="bbox 230 743 1115 1067">
    <p class='ocr_par' dir='ltr' id='par_1_2' title="bbox 230 743 1115 1067">
     <span class='ocr_line' id='line_1_2' title="bbox 230 743 1094 839; baseline -0.005 -23"><span class='ocrx_word' id='word_1_7' title='bbox 230 745 387 816; x_wconf 82' lang='lat' dir='ltr'><strong>Carmina</strong></span> <span class='ocrx_word' id='word_1_8' title='bbox 403 743 552 812; x_wconf 77' lang='lat' dir='ltr'>rescieris</span> <span class='ocrx_word' id='word_1_9' title='bbox 566 768 627 813; x_wconf 91' lang='lat' dir='ltr'>nos</span> <span class='ocrx_word' id='word_1_10' title='bbox 639 743 782 839; x_wconf 82' lang='lat' dir='ltr'>fingere,</span> <span class='ocrx_word' id='word_1_11' title='bbox 796 744 991 814; x_wconf 87' lang='lat' dir='ltr'>commodus</span> <span class='ocrx_word' id='word_1_12' title='bbox 1004 743 1094 814; x_wconf 91' lang='lat' dir='ltr'>ultro</span> 
     </span>
     <span class='ocr_line' id='line_1_3' title="bbox 232 860 1001 955; baseline -0.001 -25"><span class='ocrx_word' id='word_1_13' title='bbox 232 865 402 945; x_wconf 87' lang='lat' dir='ltr'>Arcessas,</span> <span class='ocrx_word' id='word_1_14' title='bbox 415 873 450 927; x_wconf 92' lang='lat' dir='ltr'>et</span> <span class='ocrx_word' id='word_1_15' title='bbox 462 882 559 952; x_wconf 81' lang='lat' dir='ltr'>egere</span> <span class='ocrx_word' id='word_1_16' title='bbox 573 874 679 945; x_wconf 86' lang='lat' dir='ltr'>vetes,</span> <span class='ocrx_word' id='word_1_17' title='bbox 691 874 725 928; x_wconf 90' lang='lat' dir='ltr'>et</span> <span class='ocrx_word' id='word_1_18' title='bbox 737 860 880 928; x_wconf 86' lang='lat' dir='ltr'>scribere</span> <span class='ocrx_word' id='word_1_19' title='bbox 893 884 1001 955; x_wconf 84' lang='lat' dir='ltr'>cogas.</span> 
     </span>
     <span class='ocr_line' id='line_1_4' title="bbox 231 970 1115 1067; baseline -0.002 -26"><span class='ocrx_word' id='word_1_20' title='bbox 231 973 295 1041; x_wconf 89' lang='lat' dir='ltr'>Sed</span> <span class='ocrx_word' id='word_1_21' title='bbox 308 988 419 1042; x_wconf 87' lang='lat' dir='ltr'>tamen</span> <span class='ocrx_word' id='word_1_22' title='bbox 432 987 481 1041; x_wconf 90' lang='lat' dir='ltr'>est</span> <span class='ocrx_word' id='word_1_23' title='bbox 493 995 601 1065; x_wconf 75' lang='lat' dir='ltr'>operae</span> <span class='ocrx_word' id='word_1_24' title='bbox 615 972 759 1064; x_wconf 88' lang='lat' dir='ltr'>pretium</span> <span class='ocrx_word' id='word_1_25' title='bbox 773 997 989 1067; x_wconf 80' lang='lat' dir='ltr'>cognoscere,</span> <span class='ocrx_word' id='word_1_26' title='bbox 1002 970 1115 1067; x_wconf 89' lang='lat' dir='ltr'>quales</span> 
     </span>
    </p>
   </div>
   <div class='ocr_carea' id='block_1_3' title="bbox 231 1047 934 1180">
    <p class='ocr_par' dir='ltr' id='par_1_3' title="bbox 231 1047 934 1180">
     <span class='ocr_line' id='line_1_5' title="bbox 231 1047 934 1180; baseline 0.001 -26"><span class='ocrx_word' id='word_1_27' title='bbox 231 1086 381 1155; x_wconf 82' lang='lat' dir='ltr'>AEdituos</span> <span class='ocrx_word' id='word_1_28' title='bbox 394 1086 515 1156; x_wconf 88' lang='lat' dir='ltr'>habeat</span> <span class='ocrx_word' id='word_1_29' title='bbox 527 1084 604 1154; x_wconf 88' lang='lat' dir='ltr'>belli</span> <span class='ocrx_word' id='word_1_30' title='bbox 620 1047 765 1180; x_wconf 63' lang='lat' dir='ltr'>spetha</span> <span class='ocrx_word' id='word_1_31' title='bbox 778 1085 934 1180; x_wconf 84' lang='lat' dir='ltr'>domique</span> 
     </span>
    </p>
   </div>
   <div class='ocr_carea' id='block_1_4' title="bbox 147 1198 1181 4120">
    <p class='ocr_par' dir='ltr' id='par_1_4' title="bbox 232 1198 1065 2087">
     <span class='ocr_line' id='line_1_6' title="bbox 234 1198 978 1293; baseline 0 -25"><span class='ocrx_word' id='word_1_32' title='bbox 234 1199 366 1287; x_wconf 86' lang='lat' dir='ltr'>Virtus,</span> <span class='ocrx_word' id='word_1_33' title='bbox 379 1199 519 1293; x_wconf 77' lang='lat' dir='ltr'>indigno</span> <span class='ocrx_word' id='word_1_34' title='bbox 533 1223 599 1266; x_wconf 94' lang='lat' dir='ltr'>non</span> <span class='ocrx_word' id='word_1_35' title='bbox 614 1198 852 1267; x_wconf 85' lang='lat' dir='ltr'>committenda</span> <span class='ocrx_word' id='word_1_36' title='bbox 865 1214 978 1292; x_wconf 84' lang='lat' dir='ltr'>poetae.</span> 
     </span>
     <span class='ocr_line' id='line_1_7' title="bbox 233 1311 930 1407; baseline -0.001 -26"><span class='ocrx_word' id='word_1_37' title='bbox 233 1315 358 1381; x_wconf 90' lang='lat' dir='ltr'>Gratus</span> <span class='ocrx_word' id='word_1_38' title='bbox 371 1311 560 1382; x_wconf 82' lang='lat' dir='ltr'>Alexandro</span> <span class='ocrx_word' id='word_1_39' title='bbox 574 1312 644 1407; x_wconf 84' lang='lat' dir='ltr'>regi</span> <span class='ocrx_word' id='word_1_40' title='bbox 658 1316 784 1406; x_wconf 83' lang='lat' dir='ltr'>Magno</span> <span class='ocrx_word' id='word_1_41' title='bbox 798 1311 862 1380; x_wconf 85' lang='lat' dir='ltr'>fuit</span> <span class='ocrx_word' id='word_1_42' title='bbox 876 1311 930 1381; x_wconf 90' lang='lat' dir='ltr'>ille</span> 
     </span>
     <span class='ocr_line' id='line_1_8' title="bbox 233 1424 1044 1520; baseline 0 -26"><span class='ocrx_word' id='word_1_43' title='bbox 233 1425 417 1511; x_wconf 78' lang='lat' dir='ltr'>Choerilus,</span> <span class='ocrx_word' id='word_1_44' title='bbox 429 1425 562 1495; x_wconf 88' lang='lat' dir='ltr'>incultis</span> <span class='ocrx_word' id='word_1_45' title='bbox 576 1427 635 1520; x_wconf 92' lang='lat' dir='ltr'>qui</span> <span class='ocrx_word' id='word_1_46' title='bbox 648 1425 797 1495; x_wconf 87' lang='lat' dir='ltr'>versibus</span> <span class='ocrx_word' id='word_1_47' title='bbox 812 1440 846 1496; x_wconf 87' lang='lat' dir='ltr'>et</span> <span class='ocrx_word' id='word_1_48' title='bbox 858 1424 943 1495; x_wconf 86' lang='lat' dir='ltr'>male</span> <span class='ocrx_word' id='word_1_49' title='bbox 958 1427 1044 1494; x_wconf 90' lang='lat' dir='ltr'>natis</span> 
     </span>
     <span class='ocr_line' id='line_1_9' title="bbox 233 1536 1065 1634; baseline 0.001 -29"><span class='ocrx_word' id='word_1_50' title='bbox 233 1536 373 1606; x_wconf 80' lang='lat' dir='ltr'>Rettulit</span> <span class='ocrx_word' id='word_1_51' title='bbox 385 1553 555 1633; x_wconf 89' lang='lat' dir='ltr'>acceptos,</span> <span class='ocrx_word' id='word_1_52' title='bbox 569 1537 678 1634; x_wconf 78' lang='lat' dir='ltr'>regale</span> <span class='ocrx_word' id='word_1_53' title='bbox 692 1539 872 1623; x_wconf 80' lang='lat' dir='ltr'>nomisma,</span> <span class='ocrx_word' id='word_1_54' title='bbox 885 1537 1065 1632; x_wconf 79' lang='lat' dir='ltr'>Philippos.</span> 
     </span>
     <span class='ocr_line' id='line_1_10' title="bbox 232 1649 1065 1745; baseline 0 -26"><span class='ocrx_word' id='word_1_55' title='bbox 232 1650 296 1719; x_wconf 89' lang='lat' dir='ltr'>Sed</span> <span class='ocrx_word' id='word_1_56' title='bbox 309 1649 410 1719; x_wconf 85' lang='lat' dir='ltr'>veluti</span> <span class='ocrx_word' id='word_1_57' title='bbox 424 1666 563 1721; x_wconf 82' lang='lat' dir='ltr'>tractata</span> <span class='ocrx_word' id='word_1_58' title='bbox 578 1667 692 1721; x_wconf 85' lang='lat' dir='ltr'>notam</span> <span class='ocrx_word' id='word_1_59' title='bbox 707 1650 880 1745; x_wconf 87' lang='lat' dir='ltr'>labemque</span> <span class='ocrx_word' id='word_1_60' title='bbox 893 1653 1065 1720; x_wconf 87' lang='lat' dir='ltr'>remittunt</span> 
     </span>
     <span class='ocr_line' id='line_1_11' title="bbox 233 1765 977 1861; baseline -0.001 -28"><span class='ocrx_word' id='word_1_61' title='bbox 233 1766 444 1851; x_wconf 88' lang='lat' dir='ltr'>Atramenta,</span> <span class='ocrx_word' id='word_1_62' title='bbox 458 1765 526 1834; x_wconf 80' lang='lat' dir='ltr'>lere</span> <span class='ocrx_word' id='word_1_63' title='bbox 539 1767 717 1861; x_wconf 84' lang='lat' dir='ltr'>scriptores</span> <span class='ocrx_word' id='word_1_64' title='bbox 730 1765 877 1834; x_wconf 83' lang='lat' dir='ltr'>carmine</span> <span class='ocrx_word' id='word_1_65' title='bbox 890 1765 977 1833; x_wconf 85' lang='lat' dir='ltr'>soedo</span> 
     </span>
     <span class='ocr_line' id='line_1_12' title="bbox 233 1876 1042 1971; baseline 0 -26"><span class='ocrx_word' id='word_1_66' title='bbox 233 1876 411 1971; x_wconf 83' lang='lat' dir='ltr'>Splendida</span> <span class='ocrx_word' id='word_1_67' title='bbox 426 1878 511 1948; x_wconf 85' lang='lat' dir='ltr'>facta</span> <span class='ocrx_word' id='word_1_68' title='bbox 525 1878 645 1949; x_wconf 75' lang='lat' dir='ltr'>linunt.</span> <span class='ocrx_word' id='word_1_69' title='bbox 660 1880 753 1948; x_wconf 87' lang='lat' dir='ltr'>Idem</span> <span class='ocrx_word' id='word_1_70' title='bbox 768 1905 824 1948; x_wconf 82' lang='lat' dir='ltr'>rex</span> <span class='ocrx_word' id='word_1_71' title='bbox 839 1877 911 1963; x_wconf 87' lang='lat' dir='ltr'>ille,</span> <span class='ocrx_word' id='word_1_72' title='bbox 924 1902 1042 1971; x_wconf 88' lang='lat' dir='ltr'>poema</span> 
     </span>
     <span class='ocr_line' id='line_1_13' title="bbox 233 1989 1038 2087; baseline 0 -29"><span class='ocrx_word' id='word_1_73' title='bbox 233 1991 303 2078; x_wconf 86' lang='lat' dir='ltr'>Qui</span> <span class='ocrx_word' id='word_1_74' title='bbox 317 2005 385 2059; x_wconf 88' lang='lat' dir='ltr'>tam</span> <span class='ocrx_word' id='word_1_75' title='bbox 399 1989 577 2060; x_wconf 91' lang='lat' dir='ltr'>ridiculum</span> <span class='ocrx_word' id='word_1_76' title='bbox 593 2007 661 2060; x_wconf 88' lang='lat' dir='ltr'>tam</span> <span class='ocrx_word' id='word_1_77' title='bbox 675 2017 750 2062; x_wconf 85' lang='lat' dir='ltr'>care</span> <span class='ocrx_word' id='word_1_78' title='bbox 763 1990 926 2087; x_wconf 83' lang='lat' dir='ltr'>prodigus</span> <span class='ocrx_word' id='word_1_79' title='bbox 940 1990 1038 2076; x_wconf 88' lang='lat' dir='ltr'>emit,</span> 
     </span>
    </p>

    <p class='ocr_par' dir='ltr' id='par_1_5' title="bbox 206 2102 1004 2313">
     <span class='ocr_line' id='line_1_14' title="bbox 206 2102 1004 2201; baseline 0.001 -30"><span class='ocrx_word' id='word_1_80' title='bbox 206 2153 213 2158; x_wconf 87' lang='lat'>-</span> <span class='ocrx_word' id='word_1_81' title='bbox 233 2103 351 2172; x_wconf 88' lang='lat' dir='ltr'>Edicto</span> <span class='ocrx_word' id='word_1_82' title='bbox 365 2105 486 2192; x_wconf 85' lang='lat' dir='ltr'>vetuit,</span> <span class='ocrx_word' id='word_1_83' title='bbox 499 2130 542 2174; x_wconf 85' lang='lat' dir='ltr'>ne</span> <span class='ocrx_word' id='word_1_84' title='bbox 556 2107 631 2200; x_wconf 91' lang='lat' dir='ltr'>quis</span> <span class='ocrx_word' id='word_1_85' title='bbox 645 2132 697 2192; x_wconf 84' lang='lat' dir='ltr'>se,</span> <span class='ocrx_word' id='word_1_86' title='bbox 710 2120 831 2201; x_wconf 85' lang='lat' dir='ltr'>praeter</span> <span class='ocrx_word' id='word_1_87' title='bbox 845 2102 1004 2199; x_wconf 78' lang='lat' dir='ltr'>Apellen,</span> 
     </span>
     <span class='ocr_line' id='line_1_15' title="bbox 233 2217 962 2313; baseline 0.001 -29"><span class='ocrx_word' id='word_1_88' title='bbox 233 2217 405 2310; x_wconf 82' lang='lat' dir='ltr'>Pingeret,</span> <span class='ocrx_word' id='word_1_89' title='bbox 417 2233 475 2287; x_wconf 89' lang='lat' dir='ltr'>aut</span> <span class='ocrx_word' id='word_1_90' title='bbox 489 2217 573 2290; x_wconf 89' lang='lat' dir='ltr'>alius</span> <span class='ocrx_word' id='word_1_91' title='bbox 588 2219 734 2313; x_wconf 83' lang='lat' dir='ltr'>Lysippo</span> <span class='ocrx_word' id='word_1_92' title='bbox 749 2219 884 2288; x_wconf 86' lang='lat' dir='ltr'>duceret</span> <span class='ocrx_word' id='word_1_93' title='bbox 897 2242 962 2285; x_wconf 85' lang='lat' dir='ltr'>aera</span> 
     </span>
    </p>

    <p class='ocr_par' dir='ltr' id='par_1_6' title="bbox 233 2328 1049 2514">
     <span class='ocr_line' id='line_1_16' title="bbox 234 2328 1049 2418; baseline -0.001 -21"><span class='ocrx_word' id='word_1_94' title='bbox 234 2330 341 2398; x_wconf 88' lang='lat' dir='ltr'>Fortis</span> <span class='ocrx_word' id='word_1_95' title='bbox 355 2329 534 2399; x_wconf 82' lang='lat' dir='ltr'>Alexandri</span> <span class='ocrx_word' id='word_1_96' title='bbox 549 2332 678 2400; x_wconf 89' lang='lat' dir='ltr'>vultum</span> <span class='ocrx_word' id='word_1_97' title='bbox 692 2330 891 2401; x_wconf 82' lang='lat' dir='ltr'>simulantia.</span> <span class='ocrx_word' id='word_1_98' title='bbox 906 2328 1008 2418; x_wconf 90' lang='lat' dir='ltr'>Quod</span> <span class='ocrx_word' id='word_1_99' title='bbox 1022 2330 1049 2397; x_wconf 90' lang='lat' dir='ltr'>si</span> 
     </span>
     <span class='ocr_line' id='line_1_17' title="bbox 233 2443 942 2514; baseline 0 -3"><span class='ocrx_word' id='word_1_100' title='bbox 233 2443 399 2512; x_wconf 77' lang='lat' dir='ltr'>iudicium</span> <span class='ocrx_word' id='word_1_101' title='bbox 415 2443 535 2514; x_wconf 88' lang='lat' dir='ltr'>subtile</span> <span class='ocrx_word' id='word_1_102' title='bbox 549 2445 700 2514; x_wconf 88' lang='lat' dir='ltr'>videndis</span> <span class='ocrx_word' id='word_1_103' title='bbox 714 2445 843 2513; x_wconf 82' lang='lat' dir='ltr'>artibus</span> <span class='ocrx_word' id='word_1_104' title='bbox 858 2443 942 2512; x_wconf 91' lang='lat' dir='ltr'>illud</span> 
     </span>
    </p>

    <p class='ocr_par' dir='ltr' id='par_1_7' title="bbox 234 2556 1046 2765">
     <span class='ocr_line' id='line_1_18' title="bbox 235 2556 1046 2638; baseline -0.005 -12"><span class='ocrx_word' id='word_1_105' title='bbox 235 2557 287 2626; x_wconf 93' lang='lat' dir='ltr'>Ad</span> <span class='ocrx_word' id='word_1_106' title='bbox 301 2556 404 2625; x_wconf 89' lang='lat' dir='ltr'>libros</span> <span class='ocrx_word' id='word_1_107' title='bbox 417 2572 450 2625; x_wconf 88' lang='lat' dir='ltr'>et</span> <span class='ocrx_word' id='word_1_108' title='bbox 463 2557 506 2625; x_wconf 92' lang='lat' dir='ltr'>ad</span> <span class='ocrx_word' id='word_1_109' title='bbox 520 2557 589 2626; x_wconf 90' lang='lat' dir='ltr'>haec</span> <span class='ocrx_word' id='word_1_110' title='bbox 603 2561 776 2626; x_wconf 88' lang='lat' dir='ltr'>Musarum</span> <span class='ocrx_word' id='word_1_111' title='bbox 792 2557 881 2625; x_wconf 88' lang='lat' dir='ltr'>dona</span> <span class='ocrx_word' id='word_1_112' title='bbox 894 2579 1046 2638; x_wconf 86' lang='lat' dir='ltr'>vocares,</span> 
     </span>
     <span class='ocr_line' id='line_1_19' title="bbox 234 2671 926 2765; baseline -0.001 -25"><span class='ocrx_word' id='word_1_113' title='bbox 234 2675 385 2740; x_wconf 85' lang='lat' dir='ltr'>Boeotum</span> <span class='ocrx_word' id='word_1_114' title='bbox 400 2671 433 2739; x_wconf 92' lang='lat' dir='ltr'>in</span> <span class='ocrx_word' id='word_1_115' title='bbox 448 2696 558 2741; x_wconf 89' lang='lat' dir='ltr'>crasso</span> <span class='ocrx_word' id='word_1_116' title='bbox 569 2673 700 2765; x_wconf 87' lang='lat' dir='ltr'>jurares</span> <span class='ocrx_word' id='word_1_117' title='bbox 712 2696 788 2741; x_wconf 85' lang='lat' dir='ltr'>aere</span> <span class='ocrx_word' id='word_1_118' title='bbox 801 2686 926 2739; x_wconf 90' lang='lat' dir='ltr'>natum.</span> 
     </span>
    </p>

    <p class='ocr_par' dir='ltr' id='par_1_8' title="bbox 233 2782 1088 3102">
     <span class='ocr_line' id='line_1_20' title="bbox 233 2782 1054 2876; baseline -0.004 -26"><span class='ocrx_word' id='word_1_119' title='bbox 233 2783 277 2850; x_wconf 95' lang='lat' dir='ltr'>At</span> <span class='ocrx_word' id='word_1_120' title='bbox 289 2807 396 2875; x_wconf 88' lang='lat' dir='ltr'>neque</span> <span class='ocrx_word' id='word_1_121' title='bbox 410 2782 610 2874; x_wconf 80' lang='lat' dir='ltr'>dedecorant</span> <span class='ocrx_word' id='word_1_122' title='bbox 625 2798 682 2852; x_wconf 90' lang='lat' dir='ltr'>tua</span> <span class='ocrx_word' id='word_1_123' title='bbox 697 2783 737 2851; x_wconf 90' lang='lat' dir='ltr'>de</span> <span class='ocrx_word' id='word_1_124' title='bbox 751 2809 785 2852; x_wconf 89' lang='lat' dir='ltr'>se</span> <span class='ocrx_word' id='word_1_125' title='bbox 796 2782 941 2876; x_wconf 85' lang='lat' dir='ltr'>judicia,</span> <span class='ocrx_word' id='word_1_126' title='bbox 955 2794 1054 2873; x_wconf 86' lang='lat' dir='ltr'>atque</span> 
     </span>
     <span class='ocr_line' id='line_1_21' title="bbox 234 2892 1088 2989; baseline -0.008 -24"><span class='ocrx_word' id='word_1_127' title='bbox 234 2899 394 2982; x_wconf 85' lang='lat' dir='ltr'>Munera,</span> <span class='ocrx_word' id='word_1_128' title='bbox 407 2921 480 2989; x_wconf 84' lang='lat' dir='ltr'>quae</span> <span class='ocrx_word' id='word_1_129' title='bbox 494 2895 601 2965; x_wconf 88' lang='lat' dir='ltr'>multa</span> <span class='ocrx_word' id='word_1_130' title='bbox 615 2896 725 2965; x_wconf 88' lang='lat' dir='ltr'>dantis</span> <span class='ocrx_word' id='word_1_131' title='bbox 738 2922 815 2965; x_wconf 90' lang='lat' dir='ltr'>cum</span> <span class='ocrx_word' id='word_1_132' title='bbox 830 2894 927 2963; x_wconf 86' lang='lat' dir='ltr'>laude</span> <span class='ocrx_word' id='word_1_133' title='bbox 942 2892 1088 2961; x_wconf 90' lang='lat' dir='ltr'>tulerunt</span> 
     </span>
     <span class='ocr_line' id='line_1_22' title="bbox 235 3007 950 3102; baseline -0.006 -25"><span class='ocrx_word' id='word_1_134' title='bbox 235 3007 357 3077; x_wconf 89' lang='lat' dir='ltr'>Dilecti</span> <span class='ocrx_word' id='word_1_135' title='bbox 371 3009 432 3076; x_wconf 91' lang='lat' dir='ltr'>tibi</span> <span class='ocrx_word' id='word_1_136' title='bbox 446 3008 610 3102; x_wconf 86' lang='lat' dir='ltr'>Virgilius</span> <span class='ocrx_word' id='word_1_137' title='bbox 623 3010 812 3102; x_wconf 86' lang='lat' dir='ltr'>Variusque</span> <span class='ocrx_word' id='word_1_138' title='bbox 825 3020 950 3100; x_wconf 82' lang='lat' dir='ltr'>poetae;</span> 
     </span>
    </p>

    <p class='ocr_par' dir='ltr' id='par_1_9' title="bbox 147 3118 1181 4120">
     <span class='ocr_line' id='line_1_23' title="bbox 235 3118 1027 3217; baseline -0.01 -26"><span class='ocrx_word' id='word_1_139' title='bbox 235 3124 305 3191; x_wconf 87' lang='lat' dir='ltr'>Nec</span> <span class='ocrx_word' id='word_1_140' title='bbox 318 3123 426 3217; x_wconf 82' lang='lat' dir='ltr'>magis</span> <span class='ocrx_word' id='word_1_141' title='bbox 440 3123 584 3214; x_wconf 82' lang='lat' dir='ltr'>expressi</span> <span class='ocrx_word' id='word_1_142' title='bbox 600 3120 712 3190; x_wconf 87' lang='lat' dir='ltr'>vultus</span> <span class='ocrx_word' id='word_1_143' title='bbox 725 3146 785 3216; x_wconf 90' lang='lat' dir='ltr'>per</span> <span class='ocrx_word' id='word_1_144' title='bbox 798 3145 900 3189; x_wconf 86' lang='lat' dir='ltr'>aenea</span> <span class='ocrx_word' id='word_1_145' title='bbox 915 3118 1027 3212; x_wconf 84' lang='lat' dir='ltr'>signa,</span> 
     </span>
     <span class='ocr_line' id='line_1_24' title="bbox 235 3230 1086 3330; baseline -0.011 -27"><span class='ocrx_word' id='word_1_146' title='bbox 235 3236 347 3323; x_wconf 89' lang='lat' dir='ltr'>Quam</span> <span class='ocrx_word' id='word_1_147' title='bbox 362 3261 423 3330; x_wconf 91' lang='lat' dir='ltr'>per</span> <span class='ocrx_word' id='word_1_148' title='bbox 434 3235 520 3304; x_wconf 84' lang='lat' dir='ltr'>vatis</span> <span class='ocrx_word' id='word_1_149' title='bbox 534 3261 619 3329; x_wconf 92' lang='lat' dir='ltr'>opus</span> <span class='ocrx_word' id='word_1_150' title='bbox 632 3259 742 3303; x_wconf 90' lang='lat' dir='ltr'>mores</span> <span class='ocrx_word' id='word_1_151' title='bbox 756 3234 925 3326; x_wconf 89' lang='lat' dir='ltr'>animique</span> <span class='ocrx_word' id='word_1_152' title='bbox 938 3230 1086 3297; x_wconf 84' lang='lat' dir='ltr'>virorum</span> 
     </span>
     <span class='ocr_line' id='line_1_25' title="bbox 235 3340 1090 3443; baseline -0.013 -25"><span class='ocrx_word' id='word_1_153' title='bbox 235 3347 413 3418; x_wconf 88' lang='lat' dir='ltr'>Clarorum</span> <span class='ocrx_word' id='word_1_154' title='bbox 427 3365 598 3443; x_wconf 87' lang='lat' dir='ltr'>apparent.</span> <span class='ocrx_word' id='word_1_155' title='bbox 614 3352 684 3419; x_wconf 89' lang='lat' dir='ltr'>Nec</span> <span class='ocrx_word' id='word_1_156' title='bbox 700 3372 868 3417; x_wconf 87' lang='lat' dir='ltr'>sermones</span> <span class='ocrx_word' id='word_1_157' title='bbox 881 3370 943 3439; x_wconf 85' lang='lat' dir='ltr'>ego</span> <span class='ocrx_word' id='word_1_158' title='bbox 958 3340 1090 3411; x_wconf 90' lang='lat' dir='ltr'>mallem</span> 
     </span>
     <span class='ocr_line' id='line_1_26' title="bbox 147 3464 1181 3557; baseline -0.012 -26"><span class='ocrx_word' id='word_1_159' title='bbox 147 3533 155 3542; x_wconf 69' lang='grc'>,</span> <span class='ocrx_word' id='word_1_160' title='bbox 235 3466 401 3557; x_wconf 86' lang='lat' dir='ltr'>Repentes</span> <span class='ocrx_word' id='word_1_161' title='bbox 415 3489 474 3557; x_wconf 92' lang='lat' dir='ltr'>per</span> <span class='ocrx_word' id='word_1_162' title='bbox 487 3464 647 3548; x_wconf 89' lang='lat' dir='ltr'>humum,</span> <span class='ocrx_word' id='word_1_163' title='bbox 660 3487 761 3557; x_wconf 89' lang='lat' dir='ltr'>quam</span> <span class='ocrx_word' id='word_1_164' title='bbox 777 3486 828 3530; x_wconf 87' lang='lat' dir='ltr'>res</span> <span class='ocrx_word' id='word_1_165' title='bbox 842 3480 1041 3552; x_wconf 87' lang='lat' dir='ltr'>componere</span> <span class='ocrx_word' id='word_1_166' title='bbox 1056 3466 1181 3547; x_wconf 81' lang='lat' dir='ltr'>gestas,</span> 
     </span>
     <span class='ocr_line' id='line_1_27' title="bbox 234 3574 1089 3671; baseline -0.013 -27"><span class='ocrx_word' id='word_1_167' title='bbox 234 3580 481 3671; x_wconf 87' lang='lat' dir='ltr'>Terrarumque</span> <span class='ocrx_word' id='word_1_168' title='bbox 494 3578 596 3662; x_wconf 87' lang='lat' dir='ltr'>situs,</span> <span class='ocrx_word' id='word_1_169' title='bbox 608 3591 642 3645; x_wconf 87' lang='lat' dir='ltr'>et</span> <span class='ocrx_word' id='word_1_170' title='bbox 656 3576 796 3645; x_wconf 87' lang='lat' dir='ltr'>flumina</span> <span class='ocrx_word' id='word_1_171' title='bbox 810 3574 937 3654; x_wconf 87' lang='lat' dir='ltr'>dicare,</span> <span class='ocrx_word' id='word_1_172' title='bbox 951 3586 984 3639; x_wconf 88' lang='lat' dir='ltr'>et</span> <span class='ocrx_word' id='word_1_173' title='bbox 998 3591 1089 3636; x_wconf 89' lang='lat' dir='ltr'>arces</span> 
     </span>
     <span class='ocr_line' id='line_1_28' title="bbox 235 3682 1096 3785; baseline -0.007 -28"><span class='ocrx_word' id='word_1_174' title='bbox 235 3690 410 3760; x_wconf 87' lang='lat' dir='ltr'>Montibus</span> <span class='ocrx_word' id='word_1_175' title='bbox 424 3691 596 3785; x_wconf 88' lang='lat' dir='ltr'>impositas</span> <span class='ocrx_word' id='word_1_176' title='bbox 608 3742 618 3775; x_wconf 94' lang='lat'>,</span> <span class='ocrx_word' id='word_1_177' title='bbox 630 3704 663 3759; x_wconf 91' lang='lat' dir='ltr'>et</span> <span class='ocrx_word' id='word_1_178' title='bbox 675 3689 817 3758; x_wconf 89' lang='lat' dir='ltr'>barbara</span> <span class='ocrx_word' id='word_1_179' title='bbox 831 3709 952 3780; x_wconf 82' lang='lat' dir='ltr'>regna,</span> <span class='ocrx_word' id='word_1_180' title='bbox 965 3682 1096 3772; x_wconf 85' lang='lat' dir='ltr'>tuisque</span> 
     </span>
     <span class='ocr_line' id='line_1_29' title="bbox 236 3796 1036 3897; baseline -0.011 -25"><span class='ocrx_word' id='word_1_181' title='bbox 236 3804 403 3897; x_wconf 85' lang='lat' dir='ltr'>Auspiciis</span> <span class='ocrx_word' id='word_1_182' title='bbox 417 3820 525 3874; x_wconf 89' lang='lat' dir='ltr'>totum</span> <span class='ocrx_word' id='word_1_183' title='bbox 542 3804 690 3873; x_wconf 89' lang='lat' dir='ltr'>confecta</span> <span class='ocrx_word' id='word_1_184' title='bbox 706 3799 816 3870; x_wconf 85' lang='lat' dir='ltr'>duella</span> <span class='ocrx_word' id='word_1_185' title='bbox 829 3825 890 3893; x_wconf 87' lang='lat' dir='ltr'>per</span> <span class='ocrx_word' id='word_1_186' title='bbox 902 3796 1036 3878; x_wconf 89' lang='lat' dir='ltr'>orbem,</span> 
     </span>
     <span class='ocr_line' id='line_1_30' title="bbox 235 3911 1107 4010; baseline -0.014 -27"><span class='ocrx_word' id='word_1_187' title='bbox 235 3915 457 4010; x_wconf 84' lang='lat' dir='ltr'>Claustraque</span> <span class='ocrx_word' id='word_1_188' title='bbox 470 3916 642 3987; x_wconf 87' lang='lat' dir='ltr'>custodem</span> <span class='ocrx_word' id='word_1_189' title='bbox 657 3915 748 4008; x_wconf 89' lang='lat' dir='ltr'>pacis</span> <span class='ocrx_word' id='word_1_190' title='bbox 762 3911 952 3981; x_wconf 81' lang='lat' dir='ltr'>cohibentia</span> <span class='ocrx_word' id='word_1_191' title='bbox 966 3911 1107 3986; x_wconf 84' lang='lat' dir='ltr'>lanum,</span> 
     </span>
     <span class='ocr_line' id='line_1_31' title="bbox 235 4025 1038 4120; baseline -0.016 -20"><span class='ocrx_word' id='word_1_192' title='bbox 235 4030 275 4100; x_wconf 85' lang='lat' dir='ltr'>Et</span> <span class='ocrx_word' id='word_1_193' title='bbox 290 4028 504 4098; x_wconf 84' lang='lat' dir='ltr'>formidatam</span> <span class='ocrx_word' id='word_1_194' title='bbox 519 4029 651 4098; x_wconf 88' lang='lat' dir='ltr'>Parthis</span> <span class='ocrx_word' id='word_1_195' title='bbox 665 4043 696 4095; x_wconf 87' lang='lat' dir='ltr'>te</span> <span class='ocrx_word' id='word_1_196' title='bbox 712 4025 862 4120; x_wconf 88' lang='lat' dir='ltr'>principe</span> <span class='ocrx_word' id='word_1_197' title='bbox 877 4025 1038 4104; x_wconf 87' lang='lat' dir='ltr'>Romam,</span> 
     </span>
    </p>
   </div>
   <div class='ocr_carea' id='block_1_5' title="bbox 0 0 1673 5342">
    <p class='ocr_par' dir='ltr' id='par_1_10' title="bbox 0 0 1673 5342">
     <span class='ocr_line' id='line_1_32' title="bbox 0 0 1673 5342; baseline 0 0"><span class='ocrx_word' id='word_1_198' title='bbox 0 0 1673 5342; x_wconf 95' lang='lat' dir='ltr'> </span> 
     </span>
    </p>
   </div>
  </div>
 </body>
</html>
