3325 5342
489 745 558 791 210
714 718 756 803 Q.
788 714 1013 781 nonaria
1044 713 1240 781 nascer

487 962 1470 993 mmmmm-“mm

766 1156 1007 1245 SATIRA
1049 1158 1191 1243 VIII.

487 1422 584 1486 Omna
599 1429 736 1481 truncus
750 1434 841 1479 eram
856 1407 1014 1494 ficulnus,
1029 1408 1146 1476 inutile
1159 1408 1306 1503 lignum,

488 1533 601 1618 Quum
616 1526 708 1596 faber
723 1526 884 1608 incertus,
897 1547 1068 1591 scamnum
1084 1522 1246 1591 faceretne
1260 1524 1435 1615 Priapum,

488 1639 609 1711 Maluit
621 1664 691 1707 esse
704 1640 824 1706 Deum.
839 1640 931 1705 Deus
944 1632 1022 1703 inde
1035 1660 1115 1729 ego,
1129 1634 1240 1703 furum
1253 1636 1429 1729 aviumque

489 1754 635 1822 Maxima
649 1750 802 1820 formido.
816 1751 903 1821 Nam
918 1748 1007 1817 ferres
1021 1749 1135 1817 dextra
1149 1763 1293 1832 coercet,

489 1866 708 1957 Obscenoque
721 1864 822 1931 ruber
835 1877 1005 1955 porrectus
1019 1862 1061 1930 ab
1076 1863 1213 1955 inguine
1226 1861 1337 1955 palus3

490 1984 551 2050 Ast
564 1981 770 2072 importunas
783 1977 933 2047 volucres
948 1979 982 2045 in
996 1978 1118 2047 vertice
1131 1977 1260 2046 arundo

489 2097 604 2162 Terret
618 2090 702 2178 fixa,
715 2105 869 2184 vetatque
882 2091 977 2159 novis
989 2089 1160 2159 considere
1174 2091 1207 2158 in
1222 2089 1334 2159 hortis.

490 2211 564 2276 Huc
577 2207 669 2300 prius
683 2206 833 2300 angustis
847 2205 950 2299 ejecta
964 2204 1123 2273 cadavera
1136 2203 1227 2273 cellis

491 2324 677 2391 Conservus
691 2318 748 2387 vili
764 2317 928 2412 portanda
940 2317 1071 2387 locabat
1084 2319 1118 2385 in
1133 2342 1217 2386 arca.
1250 2328 1253 2331 ’

491 2438 563 2504 Hoc
577 2434 703 2503 miserae
716 2431 805 2525 plebi
819 2432 928 2501 stabat
941 2456 1119 2501 commune
1132 2429 1338 2524 sepulcrum,

492 2545 675 2616 Pantolabo
689 2569 827 2631 scurrae,
840 2547 1117 2637 Nomentanoque
1130 2545 1252 2637 nepoti.

492 2658 586 2729 Mille
599 2658 699 2753 pedes
714 2659 748 2726 in
761 2657 888 2744 fronte,
901 2672 1065 2728 trecentos
1078 2658 1195 2751 cippus
1210 2658 1244 2723 in
1258 2681 1373 2750 agrum

492 2778 555 2844 Hic
569 2777 686 2863 dabat3
699 2774 835 2844 heredes
848 2787 1101 2843 monumentum
1116 2800 1158 2843 ne
1172 2789 1369 2868 sequeretur.

493 2893 591 2962 Nunc
605 2890 681 2959 licet
694 2887 857 2983 Exquiliis
872 2889 1022 2958 habitare
1036 2888 1242 2974 salubribus,
1255 2903 1353 2982 atque

495 3008 624 3097 Aggere
639 3005 672 3070 in
688 3003 800 3095 aprico
814 3003 968 3096 spatiari,
982 3027 1049 3095 quo
1063 3003 1164 3101 modo
1177 3004 1286 3072 tristes

496 3116 589 3187 Albis
603 3117 779 3185 informem
793 3116 985 3209 spectabant
999 3117 1127 3185 ossibus
1141 3142 1267 3211 agrum.
1348 3146 1351 3151 ·

495 3234 608 3319 Quum
623 3229 705 3298 mihi
719 3255 786 3299 non
803 3244 932 3298 tantum
948 3229 1102 3324 furesque
1116 3230 1273 3325 lemque,
1287 3247 1384 3301 sueta».

495 3347 592 3413 Hunc
605 3369 722 3412 vexare
734 3342 863 3429 locum,
876 3367 963 3412 curae
977 3359 1054 3412 sunt
1067 3358 1166 3437 atque
1180 3344 1303 3431 labori,

495 3459 684 3545 Quantum,
697 3458 900 3526 carminibus
915 3482 988 3550 quae
1001 3473 1133 3527 versant
1146 3473 1244 3552 atque
1258 3460 1393 3527 venenis

495 3573 665 3638 Humanas
678 3571 816 3639 animos.
830 3574 899 3639 Has
917 3570 1010 3639 nullo
1024 3571 1160 3665 perdere
1174 3596 1325 3665 possum,

495 3686 565 3753 Nec
579 3682 755 3776 prohibere
767 3685 886 3771 modo,
898 3685 996 3753 simul
1011 3711 1050 3754 ac
1063 3710 1147 3780 vaga
1160 3685 1239 3755 luna
1254 3686 1410 3755 decorum

497 3796 638 3865 Protulit
651 3822 706 3881 os,
719 3799 800 3891 quin
815 3823 888 3867 ossa
903 3797 1014 3893 legant
1028 3799 1211 3893 herbasque
1225 3814 1389 3868 nocentes.

497 3908 576 3976 Vidi
590 3924 720 4001 egomet
733 3911 830 4005 nigra
844 3913 1045 3980 succinctam
1060 3912 1178 3980 vadere
1192 3912 1279 4006 palla

498 4019 690 4106 Canidiam,
703 4021 843 4114 pedibus
858 4023 973 4109 nudis,
988 4049 1150 4117 passoque
1163 4022 1301 4117 capillo,

499 4133 584 4199 Cum
599 4134 727 4224 Sagana
741 4135 866 4225 majore
880 4135 1061 4205 ululantem
1073 4163 1082 4223 3
1097 4136 1203 4229 pallor
1217 4151 1372 4226 utrasque
