3325 5342
243 676 320 729 nto
413 667 721 735 SATIRARUM
753 668 910 737 LIBER
942 670 989 735 ll.
1021 673 1053 751 4.
1152 673 1220 755 243

245 802 290 868 Ut
303 798 330 865 si
344 797 419 889 quis
433 793 542 865 solnm
556 795 637 880 hoc,
651 793 737 863 mala
751 820 792 863 ue
806 796 872 867 sint
886 797 979 879 vina,
994 796 1136 883 laboret,
1248 856 1251 862 .

244 908 343 999 Quali
358 907 536 1002 perfundat
549 909 654 1001 pisces
668 931 802 979 securus
815 905 911 976 olivo.

244 1024 385 1093 Massica
399 1023 426 1089 si
441 1020 522 1093 eoelo
537 1045 702 1115 suppones
715 1021 791 1089 vina
805 1045 941 1105 sereno,

246 1139 435 1221 Nocturna,
448 1136 476 1205 si
490 1134 570 1228 quid
583 1135 683 1205 crassi
698 1148 763 1218 est,
776 1135 966 1205 tenuabitur
979 1161 1076 1219 aura,

246 1254 289 1319 Et
302 1250 437 1321 decedet
449 1249 534 1321 odor
547 1249 654 1323 nervis
669 1249 840 1333 inimicus;
852 1264 887 1317 at
901 1248 955 1322 illa

248 1368 417 1458 [ntegrum
431 1364 576 1458 perdunt
590 1362 659 1437 lino
673 1363 786 1433 vitiata
801 1388 960 1457 saporam.

247 1479 442 1547 Surrentina
456 1478 546 1551 vafer
560 1477 616 1575 qni
631 1478 747 1547 miscet
760 1476 837 1548 saeoe
851 1476 989 1551 Falerna

248 1593 351 1675 Vina,
364 1590 556 1665 columbino
570 1589 688 1663 limum
701 1591 786 1663 hene
800 1589 927 1684 colligit
939 1617 1021 1675 ovo,

248 1706 421 1792 Quatenus
435 1707 501 1774 ima
515 1706 598 1799 petit
610 1703 745 1777 volvens
759 1702 867 1775 aliena
881 1704 1019 1775 vitellus,

247 1820 355 1888 Tostis
369 1833 570 1887 marcentem
586 1816 714 1911 squillis
730 1817 892 1891 recumbis
906 1833 939 1886 et
951 1819 1028 1888 Afra

249 1937 401 2005 Peterem
416 1931 566 2018 cochlea;
581 1957 657 2005 narn
674 1931 800 2004 lactuca
816 1933 946 2001 innatat
959 1934 1027 2001 acri

250 2051 326 2118 Post
339 2048 453 2117 vinnm
467 2047 647 2119 stomacho.
664 2050 771 2118 Perna
786 2047 943 2140 magisne
957 2048 1062 2141 magis
1077 2046 1164 2115 hillis

249 2158 391 2254 Flagitat
406 2161 440 2229 in
455 2186 584 2231 morsus
601 2160 707 2243 relici3
720 2161 801 2253 quin
815 2161 928 2231 omnia
948 2159 1058 2245 malit,

249 2274 475 2367 Quaecumque
490 2274 670 2347 immundis
682 2274 811 2346 servem
825 2272 923 2344 allata
939 2276 1080 2368 popinis.

296 2390 354 2459 Est
367 2412 475 2481 operae
489 2390 632 2481 pretium
649 2388 791 2481 duplicis
803 2412 998 2482 pernoscere
1009 2389 1094 2479 juris

249 2503 428 2586 Naturam,
440 2500 602 2595 (simplex
617 2528 635 2570 e
651 2500 739 2572 dulci
753 2515 882 2571 constat
896 2499 1015 2593 olivo.)

249 2614 350 2702 Quod
364 2616 480 2709 plagari
496 2617 634 2687 miscam
649 2640 740 2691 mero
756 2615 930 2708 muriaque
944 2615 1089 2700 decebit,

250 2730 324 2796 Non
340 2728 422 2814 alia,
438 2754 538 2821 quam
553 2753 618 2823 qua
631 2730 789 2821 Byzantia
804 2730 915 2821 putuit
933 2753 1019 2797 orca.

249 2843 321 2909 lloc
335 2843 391 2909 nbi
407 2841 581 2911 confusum
597 2843 693 2910 sectis
710 2841 867 2910 inferbuit
883 2842 1011 2925 herbis,

249 2957 458 3048 Corycioque
472 2981 570 3025 croco
584 2981 736 3048 sparsum
751 2957 860 3039 stetit,
875 2958 1011 3048 insuper
1024 2956 1123 3025 addes

252 3073 365 3138 Pressa
378 3069 575 3139 Venafranae
590 3070 680 3163 quod
695 3071 795 3138 bacca
811 3071 938 3138 remisit
951 3068 1054 3138 olivae.

252 3184 380 3251 Picenis
395 3182 516 3251 cedunt
530 3183 638 3276 pomis
651 3182 804 3280 Tiburtia
818 3208 934 3266 succ03

253 3297 339 3364 Nam
354 3294 437 3365 facie
450 3309 615 3388 prestant.
630 3295 804 3366 Venucula
818 3298 972 3365 convenit
986 3294 1069 3363 ollis.

252 3408 388 3477 Rectius
403 3404 564 3477 Albanam
579 3409 671 3481 fumo
687 3409 858 3483 duraveris
873 3435 980 3479 uvam,

251 3525 347 3591 Hanc
360 3548 422 3617 ego
437 3547 513 3591 cum
529 3522 642 3610 malis,
655 3549 717 3619 ego
733 3524 845 3594 laecem
858 3525 987 3617 primus
1001 3537 1034 3590 et
1047 3521 1146 3604 allec,

253 3638 384 3705 Primus
398 3651 431 3704 et
446 3638 596 3705 invenior
611 3640 706 3737 piper
720 3637 851 3723 album,
865 3663 941 3707 cum
956 3637 1022 3706 sale
1036 3638 1133 3729 nigro

252 3753 439 3836 Incretum,
453 3751 545 3843 puris
559 3752 836 3847 circumposuisse
851 3749 979 3823 catillis.

254 3866 402 3932 Immune
416 3879 463 3933 est
479 3866 617 3949 vitium,
631 3865 709 3933 dare
724 3864 828 3934 millia
844 3881 936 3934 terna
952 3859 1109 3944 macello,

254 3978 468 4070 Angustaque
481 4002 582 4072 vagos
597 3979 702 4070 pisces
716 4003 836 4071 urgere
851 3979 969 4046 catino.

253 4090 375 4181 Magna
390 4104 500 4159 movet
514 4090 685 4160 stomacho
699 4090 849 4175 fastidia,
863 4115 920 4158 sen
934 4112 1017 4181 puer
1031 4088 1140 4155 unctis

1091 4212 1130 4257 ro.
