3325 5342
461 648 529 719 318
685 649 728 735 Q.
759 645 987 714 HORATII
1020 649 1216 717 FLACCI

458 780 525 868 Qui
541 792 572 847 te
585 778 690 872 pascit
703 799 797 870 ager,
810 789 888 843 tuus
902 789 970 861 eat,
981 791 1015 844 et
1028 775 1159 846 villicus
1174 781 1279 866 Orbi,

458 894 572 980 Quum
587 903 711 984 segetes
724 901 836 971 uocat,
850 886 910 954 tibi
924 911 1003 956 mox
1016 886 1182 958 frumenta
1196 891 1356 980 daturas,

457 1011 504 1076 Te
520 1005 693 1073 dominum
707 1002 815 1071 sentit.
830 1004 901 1070 Das
914 1026 1088 1091 nummos,
1101 1005 1223 1099 accipis
1237 1032 1358 1092 uvam,

458 1117 590 1204 Pullos,
601 1141 683 1201 ova,
695 1115 814 1185 cadum
829 1116 962 1200 temeti3
975 1140 1095 1210 nempe
1109 1117 1208 1186 modo
1223 1119 1286 1188 isto

459 1229 622 1300 Paulatim
638 1229 794 1298 mercaris
807 1252 944 1322 agrum,
957 1228 1095 1298 fortasse
1108 1234 1279 1317 trecentis,

459 1347 526 1411 Aut
539 1343 639 1411 etiam
654 1366 771 1435 supra,
785 1365 999 1410 nummorum
1015 1339 1162 1411 millibus
1174 1359 1332 1439 emptum

460 1456 553 1545 Quid
567 1455 685 1540 refert,
697 1455 788 1523 vivas
801 1468 975 1523 numerato
989 1479 1111 1548 nuper,
1122 1481 1166 1525 an
1178 1456 1281 1526 olim?

458 1576 600 1666 Emptor
614 1572 742 1641 Aricini
755 1571 926 1665 quondam
936 1571 1087 1650 ,Veientis
1100 1588 1132 1641 et
1144 1575 1214 1641 arri

458 1689 618 1779 Emptum
632 1699 740 1754 coenat
753 1683 847 1772 olus,
860 1685 1010 1779 quamvis
1024 1683 1121 1753 aliter
1134 1701 1245 1779 putat;
1257 1690 1376 1782 emptis

459 1802 528 1872 Sub
542 1815 671 1869 noctem
686 1799 828 1894 gelidam
845 1799 944 1895 lignis
957 1799 1127 1870 calefactat
1140 1827 1268 1872 aenum.

458 1913 524 1984 Sed
536 1927 631 1981 voert
644 1936 749 2005 usque
761 1936 878 1999 suurn,
890 1938 956 2006 qua
971 1912 1113 2008 populus
1126 1915 1231 1984 adsita
1244 1919 1340 1985 certis

460 2026 639 2097 Limitibus
652 2025 763 2093 vicina
777 2025 902 2120 refugit
912 2028 1042 2121 jurgia3
1055 2041 1222 2121 tamquam

458 2140 509 2209 Sit
523 2138 697 2232 proprium
710 2136 914 2231 quidquam,
926 2154 1051 2232 puncto
1064 2140 1154 2233 quod
1168 2141 1296 2211 mobilis
1311 2144 1416 2228 borae,

1361 670 1390 700 v.
1416 656 1467 702 160

458 2252 1439 2349 Nuncpreoe,nuncpretio,nuncvi,nuncmortesuprema‚

458 2367 628 2432 Permutet
641 2362 813 2447 dominos,
827 2378 861 2431 et
874 2363 969 2433 oedat
985 2365 1017 2431 iu
1031 2364 1133 2434 altera
1144 2366 1230 2459 jura.

457 2479 529 2563 Sic,
543 2479 621 2572 quia
635 2493 814 2573 perpetuus
828 2478 912 2547 nulli
927 2479 1026 2547 datur
1040 2505 1136 2567 usus,
1148 2496 1180 2550 et
1194 2482 1288 2551 heres

457 2593 619 2663 Heredem
632 2593 786 2680 alterius,
800 2592 890 2663 velut
903 2595 994 2663 unda
1007 2598 1197 2688 supervenit
1211 2598 1351 2683 undam,

457 2709 551 2798 Quid
564 2709 628 2777 vici
643 2724 800 2802 prosunt,
814 2724 871 2778 aut
886 2709 1029 2778 horrea?
1090 2712 1096 2724 ‘
1125 2737 1163 2781 ve
1175 2711 1324 2782 Calabris

456 2822 601 2893 Saltibus
614 2823 732 2916 adjecti
746 2824 892 2909 Lucani,
905 2824 932 2891 si
946 2710 1163 2908 metithrs

457 2937 608 3007 Grandia
621 2962 696 3006 cum
712 2938 840 3031 parvis,
855 2962 922 3006 uon
937 2939 1114 3008 exorabilis
1126 2940 1231 3009 auro?

456 3054 631 3138 Gemmas,
645 3075 807 3132 marmor,
820 3052 919 3138 ebur,
932 3053 1102 3147 Tyrrhena
1115 3053 1242 3148 sigilla,
1255 3053 1407 3137 tabellas,

455 3166 658 3258 Argentum,
671 3179 776 3234 vestes
789 3163 922 3235 Gaetulo
935 3168 1062 3236 murice
1074 3167 1212 3252 tinctas,

454 3280 540 3347 Sunt
552 3278 610 3371 qui
625 3304 693 3347 non
707 3278 868 3365 habeant,
880 3293 930 3348 est
946 3282 1004 3373 qui
1019 3305 1086 3348 non
1101 3296 1195 3350 curat
1209 3282 1336 3350 habere.

455 3394 526 3461 Cur
538 3390 623 3461 alter
635 3391 775 3462 fratrum
790 3417 934 3478 cessare,
947 3410 980 3462 et
994 3393 1126 3480 ludere,
1138 3411 1171 3464 et
1185 3398 1265 3490 ungi

455 3504 611 3573 Praeferat
622 3506 763 3575 Herodis
776 3505 929 3601 palmetis
944 3508 1142 3602 pinguibus3
1155 3508 1254 3596 alter,

454 3616 555 3685 Dives
569 3631 602 3686 et
616 3618 845 3712 importunus,
858 3620 901 3688 ad
913 3620 1066 3689 umbram
1081 3621 1163 3690 lucis
1175 3622 1219 3690 ab
1232 3637 1307 3690 ortu

453 3727 642 3799 Silvestrem
657 3730 799 3802 flammis
811 3748 844 3802 et
860 3733 947 3802 semo
961 3734 1090 3828 mitiget
1101 3735 1241 3829 agnam?

453 3840 522 3908 Scit
534 3843 680 3927 Genius,
694 3843 802 3914 natale
814 3870 926 3915 eomes
940 3848 997 3940 qui
1012 3862 1173 3941 temperat
1185 3863 1331 3931 astrum,

452 3953 588 4021 Naturae
602 3954 682 4025 deus
697 3957 868 4044 humanae,
881 3960 1032 4030 mortalis
1047 3961 1079 4029 in
1095 3986 1218 4031 unum·

452 4062 619 4156 Quodque
632 4084 750 4159 caput,
762 4071 857 4141 vultu
871 4072 1058 4159 mutabilis,
1073 4073 1168 4144 albus
1182 4091 1213 4143 et
1229 4090 1307 4143 ater.
