3325 5342
448 647 511 734 154
671 654 713 739 Q.
746 652 972 720 HORATII
1005 653 1200 723 FLACCI

535 782 658 851 Sabina
670 780 796 874 qualis,
809 796 869 849 aut
882 796 1018 875 perusta
1032 781 1159 852 solibus

633 895 781 964 Pernieis
796 919 883 964 uxor
895 894 1038 989 Appuli,

535 1013 672 1078 Sacrum
687 1010 824 1078 vetustis
839 1024 988 1079 exstruat
1002 1009 1103 1106 lignis
1118 1010 1228 1081 locum

633 1124 726 1192 Lassi
741 1123 803 1192 sub
817 1122 998 1193 adventum
1014 1125 1096 1213 viri3

535 1235 767 1331 Claudensque
780 1238 879 1306 textis
892 1238 1040 1307 cratibus
1055 1237 1169 1308 letum
1183 1262 1302 1332 pecus,

633 1351 787 1419 Distenta
801 1351 901 1420 siooet
914 1350 1036 1437 ubera3

537 1467 579 1532 Et
592 1464 698 1533 horna
712 1463 801 1533 dulci
816 1465 894 1532 vina
907 1489 1064 1557 promens
1079 1465 1188 1552 dolio,

632 1579 744 1670 Dapes
759 1577 922 1669 inemptas
936 1592 1091 1671 apparet:

535 1691 610 1757 Non
628 1712 680 1756 me
693 1688 841 1757 Lucrina
852 1689 1001 1781 juverint
1014 1689 1206 1784 conchylia,

629 1801 780 1894 Magisve
794 1801 973 1889 rhombus,
987 1818 1046 1872 aut
1059 1805 1164 1887 scari,

534 1914 567 1983 Si
583 1937 667 2007 quos
680 1914 759 1983 Eois
774 1915 926 1984 intonata
940 1914 1097 1985 fluetibus

630 2028 745 2096 Hiems
759 2026 802 2096 ad
816 2028 882 2096 hoo
893 2044 1002 2098 vertat
1015 2054 1125 2115 mare3

534 2144 609 2210 Nou
625 2140 705 2209 Alsa
718 2142 789 2210 avis
801 2141 982 2211 desoendat
996 2144 1030 2211 in
1045 2158 1195 2212 ventrem
1211 2168 1339 2229 murm,

630 2255 706 2324 Non
722 2268 857 2349 attagen
872 2257 1007 2326 Ionicus

533 2365 733 2453 Jueundior,
746 2392 848 2462 quam
863 2367 947 2439 lecta
962 2370 1003 2439 de
1016 2371 1243 2465 pinguissimis

632 2478 731 2549 Oliva
745 2482 848 2550 ramis
862 2483 1042 2568 arborum,

535 2595 600 2663 hut
614 2594 718 2663 herba
732 2593 859 2689 lapathi
873 2611 969 2690 prata
983 2599 1145 2683 amantis,
1158 2611 1191 2665 et
1206 2596 1299 2690 gravi

631 2706 751 2777 Malvae
761 2708 914 2779 salubres
928 2712 1081 2804 corpori,

534 2820 596 2891 Vel
610 2846 697 2916 agna
710 2821 802 2893 festis
815 2848 899 2893 caesa
912 2822 1177 2908 Terminalibus,

629 2933 691 3002 Vel
707 2933 821 3005 haedus
835 2950 968 3029 ereptus
983 2934 1072 3029 lupo.

533 3052 601 3119 Has
615 3049 702 3119 inter
714 3049 848 3144 epulas,
862 3065 901 3119 ut
910 3050 1005 3143 juvat
1018 3063 1129 3143 pastas
1142 3074 1221 3120 oves

630 3162 753 3235 Videre
764 3179 984 3259 properantes
998 3164 1153 3233 domum!

534 3277 657 3346 Videre
671 3278 774 3348 fessos
788 3303 958 3349 vomerem
974 3280 1143 3347 inversum
1157 3278 1260 3347 boves

629 3390 726 3462 Collo
741 3393 910 3463 trahentes
924 3389 1102 3488 languido!

533 3503 727 3599 Positosque
741 3530 879 3593 vernas,
892 3505 971 3579 ditis
985 3529 1123 3575 examen
1139 3503 1277 3589 domus,

630 3620 766 3690 Circum
782 3619 972 3690 renidentes
986 3615 1105 3690 Lares!

532 3734 610 3802 Haeo
623 3735 680 3804 uhi
696 3733 826 3805 loeutus
840 3736 1010 3806 fenerator
1024 3733 1148 3819 Allius,

628 3852 701 3917 Jam
711 3851 782 3943 jam
797 3850 931 3920 futurus
947 3849 1111 3935 rusticus,

532 3962 674 4030 Omnem
692 3963 820 4058 redegit
834 3965 952 4035 Idibus
967 3963 1162 4057 pecuniam
1215 4011 1224 4025 ·

628 4074 757 4161 Quaerit
769 4074 927 4144 Calendis
941 4099 1075 4167 ponere.
