3325 5342
553 626 770 693 Eronos
802 626 968 692 braun.
1187 628 1250 723 175

365 756 466 825 Voles
480 756 609 839 sonari;
621 769 659 822 tu
673 754 810 847 pudica,
823 769 860 823 tu
873 756 995 848 proba,

366 865 614 939 perambulabis
627 881 714 935 astra
728 866 820 935 sidus
833 891 980 937 aureum.

366 981 504 1052 Infamis
517 978 649 1048 Helenae
662 982 782 1049 Castor
795 978 943 1048 offensus
957 982 1043 1066 vice,

368 1102 547 1189 Fraterque
561 1094 674 1188 magni
687 1094 853 1177 Castoris,
866 1095 944 1162 victi
960 1121 1072 1189 prece,

367 1208 529 1302 Adempta
545 1206 610 1273 vati
627 1202 799 1272 reddidere
812 1202 948 1274 lumina.

369 1326 411 1391 Et
424 1336 478 1406 tu,
491 1334 585 1414 potes
598 1342 693 1402 nam,
707 1316 797 1386 solve
809 1342 863 1401 rue
877 1317 1059 1406 dementia,

368 1440 400 1505 O
414 1459 474 1503 nec
486 1433 634 1528 paternis
647 1430 794 1499 obsoleta
808 1432 978 1519 sordibus,

368 1552 437 1620 Nec
451 1549 485 1616 in
499 1544 658 1641 sepulcris
671 1568 856 1638 pauperum
870 1546 1016 1638 prudens
1028 1573 1111 1617 anus

368 1659 600 1733 Noeemdiales
615 1659 773 1752 dissipare
786 1657 952 1752 pulveres!

368 1778 443 1847 Tibi
457 1773 619 1870 hospitale
632 1787 747 1867 pectus
757 1826 767 1859 ,
779 1787 813 1841 et
824 1796 915 1866 purae
929 1800 1064 1863 manus,

368 1894 524 1983 Tuusque
538 1901 652 1955 venter
665 1887 893 1979 Partumeius,
905 1901 937 1955 et
951 1902 1010 1956 tuo

369 2006 497 2073 Cruore
511 2001 629 2070 rubros
643 2000 803 2069 obstetrix
817 2025 946 2093 pannos
960 2002 1057 2087 lavit,

342 2120 558 2210 ‘Utcumque
571 2114 665 2205 sortis
677 2113 788 2183 exsilis
802 2139 973 2208 puerpera.

671 2252 800 2297 carin
809 2252 858 2297 rr..

369 2341 461 2430 Quid
474 2341 634 2410 obseratis
647 2342 784 2410 auribus
798 2341 911 2410 fundis
924 2343 1060 2435 preces?

369 2458 445 2525 Non
460 2479 536 2524 saxa
550 2438 649 2524 nudis
663 2455 815 2525 surdiora
830 2457 950 2524 navitis

369 2570 544 2661 Neptunus
557 2565 625 2634 alto
638 2567 750 2635 tundit
764 2567 923 2637 hibernus
937 2567 1015 2636 salo.

371 2679 500 2749 [nultus
514 2695 551 2748 ut
564 2694 601 2747 tu
616 2681 727 2748 riseris
740 2681 877 2775 Cocytia

369 2792 532 2888 Vulgata,
545 2818 675 2862 sacrum
689 2792 785 2863 liberi
797 2795 997 2889 Cupidinis?

369 2909 412 2975 Et
424 2905 594 3000 Exquilini
607 2905 756 2999 pontifex
770 2906 906 2976 venefici

371 3021 512 3113 Impune
525 3034 563 3087 ut
577 3019 704 3089 Urbem
719 3021 855 3088 nomine
869 3018 1016 3113 impleris
1029 3020 1126 3087 meo?

371 3130 463 3220 Quid
476 3131 632 3224 proderat
647 3132 768 3201 ditasse
781 3132 936 3227 Pelignus
949 3157 1049 3219 anus,

371 3244 593 3339 Velociusque
607 3247 778 3315 miscuisse
791 3246 960 3315 toxicum?

311 3394 314 3401 ¹
371 3359 435 3428 Sed
449 3358 596 3427 tardiora
610 3358 676 3429 sata
690 3376 723 3431 te
736 3363 822 3430 votis
836 3377 987 3449 manent3

370 3476 505 3567 Ingrata
519 3473 640 3541 misem
653 3474 720 3542 vita
735 3474 886 3545 ducenda
899 3489 965 3560 est,
979 3477 1012 3543 in
1026 3475 1107 3561 boc,

370 3587 474 3656 Novis
487 3600 523 3654 ut
538 3611 643 3680 usque
656 3604 811 3683 suppetas
825 3587 1004 3657 doloribus.

258 3753 261 3759 .
370 3702 474 3792 Optat
486 3701 631 3794 quietem
645 3699 777 3796 Pelopis
792 3700 915 3770 infidus
929 3715 1038 3794 pater,

370 3816 478 3906 Egens
491 3813 642 3907 benignae
655 3812 814 3883 Tantalus
829 3837 957 3906 semper
971 3811 1082 3905 dapis;

370 3930 473 4019 Optat
486 3927 703 3995 Prometheus
716 3925 885 4021 obligatus
899 3923 987 4010 aliti3

370 4040 474 4130 Optat
488 4062 642 4129 supremo
656 4037 819 4107 collocare
832 4035 990 4130 Sisyphus
