3325 5342
279 650 375 699 mot
464 648 772 717 SATIRARUM
804 653 963 719 LIBER
994 656 1020 720 1.
1052 678 1078 721 t.
1196 657 1259 729 185
1305 700 1309 705 -

279 781 337 847 Est
350 776 469 846 modus
483 777 517 845 in
532 777 648 863 rebus,
661 793 738 845 sunt
751 780 830 847 certi
846 779 987 874 denique
1000 782 1098 869 fines,

279 893 373 980 Quos
386 890 475 959 ultra
487 890 636 989 citraque
649 891 764 983 nequit
776 893 955 962 consistere
969 911 1104 965 rectum.

326 1004 427 1089 Illuc,
440 1003 529 1072 unde
542 1003 626 1091 abii,
640 1004 746 1072 redeo.
761 1005 901 1075 Nemon’
914 1023 952 1075 ut
964 1032 1083 1079 avarus

279 1121 320 1187 Se
332 1119 468 1212 probet,
480 1143 519 1187 ac
531 1119 641 1212 potius
657 1116 767 1186 laudet
781 1118 908 1189 diversa
922 1125 1117 1216 sequentes?

280 1231 446 1325 Quodque
459 1232 566 1301 aliena
579 1230 701 1326 capella
715 1246 807 1326 gerat
821 1234 994 1304 distentius
1007 1236 1105 1321 uber,

279 1344 459 1413 Tabescat?
471 1369 577 1439 neque
590 1370 623 1413 se
636 1345 753 1438 majori
767 1347 1003 1438 pauperiorum

279 1457 398 1525 Turbae
411 1458 601 1552 comparet?
613 1458 704 1526 hunc
716 1473 814 1552 atque
828 1458 918 1528 hunc
932 1484 1086 1554 superare
1100 1461 1247 1533 laboret?

278 1571 332 1639 sic
346 1571 513 1640 festinanti
527 1597 655 1666 semper
668 1563 865 1665 locupletior
877 1573 995 1642 obstat

278 1687 342 1770 Ut,
354 1710 458 1779 quum
471 1687 658 1756 carceribus
671 1686 789 1755 missos
802 1687 890 1780 rapit
902 1687 1028 1782 ungule
1041 1714 1174 1774 currus,

278 1799 382 1865 Instat
393 1797 487 1891 equis
498 1799 618 1893 auriga
631 1802 707 1869 s'uos
721 1799 947 1885 vincentibus,
960 1798 1053 1868 illum

278 1912 483 1980 Praeteritum
497 1917 647 1982 temnens
660 1927 824 1981 extremos
838 1913 925 1980 inter
937 1928 1079 1981 euntem.

277 2024 358 2092 lude
371 2023 477 2109 litqut
490 2049 583 2111 raro,
596 2024 653 2117 qui
667 2049 701 2092 se
714 2024 834 2093 vixisse
846 2024 980 2093 beatum

277 2138 392 2223 Dicat,
404 2152 454 2223 et,
466 2153 581 2207 exacto
594 2152 770 2207 contentus
783 2152 949 2232 tempore,
962 2139 1029 2207 vita

277 2250 399 2337 Cedat,
411 2252 461 2320 uti
474 2252 612 2320 conviva
625 2267 731 2338 satur,
745 2253 889 2346 reperire
902 2276 1070 2346 queamus.

276 2365 348 2430 Jam
362 2364 439 2433 satis
451 2378 517 2450 est3
530 2388 572 2432 ne
585 2388 638 2432 me
651 2365 799 2458 Crispini
812 2364 932 2433 scrinia
947 2362 1028 2457 lippi

277 2477 478 2571 compilasse
490 2494 603 2572 putes,
615 2479 836 2548 verbum-non
850 2479 992 2573 amplius
1005 2478 1135 2547 addam.

276 2720 1256 2750 mfflfflmfflmmmmmmmssm

593 2919 837 3007 SATIRA
876 2922 939 3006 ΙΙ.

584 3189 589 3207 ·‘
629 3179 675 3234 nt
700 3178 910 3235 Moncflos.

274 3385 540 3454 dunnanraann
554 3382 709 3479 collegia,
721 3384 1003 3479 pharmacopolae,

273 3497 437 3583 Mendici,
450 3497 575 3584 mimae,
588 3495 795 3583 balatrones,
808 3497 873 3568 boc
886 3522 990 3592 genus
1003 3522 1101 3565 omne

273 3613 425 3680 Maestum
438 3637 477 3681 ac
489 3610 668 3680 sollicitum
681 3626 731 3681 est
743 3613 890 3681 cantoris
904 3626 1010 3680 morte
1023 3609 1140 3705 Tigelli
1151 3635 1161 3695 ;

272 3725 406 3819 Quippe
419 3726 582 3821 benignus
595 3740 676 3796 erat.
692 3730 818 3797 Contra
831 3727 903 3813 hic,
917 3751 958 3794 ne
972 3724 1131 3819 prodigus
1144 3749 1214 3795 esse

271 3837 426 3921 Dicatur,
439 3853 606 3927 metuens,
620 3839 711 3933 inopi
726 3839 805 3909 dare
818 3837 904 3907 nolit
916 3837 1044 3922 amico,

214 3938 217 3947 ’
271 3951 388 4045 Frigus
401 3978 469 4046 quo
484 3953 669 4047 duramque
682 3955 802 4023 famem
817 3951 981 4046 depellere
994 3949 1106 4043 possit

270 4064 367 4132 Hunc
380 4065 407 4132 si
422 4066 644 4158 perconteris,
656 4065 708 4133 avi
722 4090 782 4134 cur
794 4079 894 4158 atque
906 4062 1054 4155 parentis
