3325 5342
452 681 518 753 232
678 679 719 765 Q.
752 674 975 773 uoRAtlt
1007 675 1204 743 FLACCI
1357 695 1382 726 v·
1403 695 1438 741 st

807 827 1041 874 srenrrruu
1050 828 1074 872 s.

958 1012 962 1017 Ι
1148 918 1304 987 Etiamet
1319 944 1394 1003 rex,

451 1045 495 1111 Et
508 1037 671 1134 quidquid
686 1034 781 1104 volet.
796 1037 887 1120 Hoc,
901 1033 1002 1103 veluti
1017 1033 1140 1101 virtute
1154 1048 1325 1126 paratum,

452 1155 603 1249 Speravit
616 1175 743 1245 magne
758 1147 848 1217 laudi
864 1148 944 1217 fore.

725 1326 728 1332 .
800 1285 1088 1332 ununsrreus.

961 1376 1053 1464 Quid
1067 1375 1174 1444 simile
1189 1377 1241 1446 isti

455 1500 593 1567 Graecus
607 1493 819 1587 Aristippus?
833 1495 891 1587 qui
907 1515 1017 1561 servos
1031 1492 1191 1585 projicere
1205 1517 1323 1561 aumm

456 1612 496 1676 ln
511 1606 620 1675 media
630 1606 729 1700 jussit
743 1606 866 1699 Libya,
879 1604 958 1698 quia
971 1603 1098 1672 tardius
1113 1604 1198 1673 irent

458 1725 596 1815 Propter
609 1746 694 1789 onus
707 1744 831 1814 segnes.
847 1723 930 1788 Uter
944 1734 993 1789 est
1007 1719 1155 1787 insanior
1168 1720 1311 1789 horum?

815 1856 1082 1902 srenrrtrrus.

459 1947 516 2018 Nil
530 1948 599 2040 agit
612 1945 817 2039 exemplum,
831 1945 921 2015 litem
937 1946 1028 2041 quod
1042 1944 1100 2016 lite
1114 1945 1256 2015 resolvit

460 2059 493 2128 Si
509 2057 583 2150 quis
597 2070 685 2126 emat
698 2057 860 2145 citharas,
872 2073 1000 2152 emptas
1013 2073 1198 2152 comportet
1213 2060 1247 2126 in
1262 2055 1384 2139 unum,

406 2260 411 2271 Β
460 2173 531 2241 Nec
544 2169 654 2239 studio
667 2171 801 2240 citharae
815 2196 876 2241 nec
889 2175 995 2241 Musae
1009 2172 1139 2241 deditus
1153 2170 1232 2259 ulli;

460 2286 496 2355 Si
510 2284 637 2380 scalpra
651 2301 685 2355 et
698 2286 839 2374 formas,
853 2313 920 2357 non
935 2302 1047 2374 sutor3
1062 2289 1193 2357 nautica
1207 2286 1296 2370 vela,

463 2403 606 2470 Aversus
619 2403 828 2471 mercaturis:
845 2401 968 2471 delirus
981 2416 1015 2471 et
1027 2427 1140 2471 amens

463 2514 621 2609 Undique
635 2514 764 2584 dicatur
776 2516 905 2585 merito.
921 2516 989 2606 Qui
1004 2515 1168 2609 discrepat
1183 2515 1269 2598 istis,

464 2627 532 2715 Qui
547 2651 700 2696 nummos
713 2651 898 2722 aurumque
912 2627 1078 2715 recondit,
1091 2628 1220 2697 nescius
1234 2628 1282 2695 uti

464 2741 683 2833 Compositis,
697 2755 911 2835 metuensque
924 2740 1014 2810 velut
1028 2741 1220 2835 contingere
1234 2737 1385 2808 sacrum?

464 2852 499 2923 Si
513 2853 588 2947 quis
601 2854 644 2923 ad
658 2855 825 2950 ingentem
840 2856 997 2924 frumenti
1012 2880 1142 2950 semper
1154 2878 1307 2923 acervum

465 2969 640 3036 Porrectus
653 2968 766 3063 vigilet
780 2994 855 3039 cum
871 2968 971 3062 longo
985 2968 1089 3056 fuste,
1102 2992 1209 3061 neque
1222 2965 1314 3035 itlinc

465 3078 596 3148 Audeat
608 3081 754 3150 esuriens
768 3081 924 3150 dominus
937 3081 1130 3176 contingere
1144 3104 1302 3175 granum,

465 3195 515 3261 Ac
528 3193 639 3287 potius
652 3192 739 3264 foliis
753 3219 871 3288 parcus
885 3210 1036 3264 vescatur
1048 3196 1185 3281 amaris;

465 3305 499 3372 Si
513 3307 629 3399 positis
642 3308 731 3376 intus
745 3307 822 3377 Chii
836 3307 1022 3401 veterisque
1035 3305 1165 3376 Falerni

464 3416 560 3487 Mille
572 3420 680 3509 eadm,
694 3419 776 3491 nihil
792 3436 859 3507 est,
873 3435 1056 3490 tercentum
1072 3419 1237 3504 millibus,
1249 3443 1324 3487 acre

465 3534 560 3600 Potet
573 3548 720 3621 acetum3
732 3558 809 3629 age,
823 3535 851 3604 si
864 3549 898 3604 et
912 3534 1101 3603 stramentis
1116 3533 1267 3619 incubet,
1281 3529 1386 3613 unde-

465 3646 647 3738 Octoginta
660 3670 765 3715 annos
779 3661 895 3734 natus,
908 3648 962 3716 cui
977 3645 1123 3741 stragula
1136 3648 1254 3730 vestis,

464 3754 646 3826 Biattarum
662 3784 701 3828 ac
713 3761 878 3830 tinearum
893 3760 1015 3855 epulae,
1030 3773 1196 3854 putrescat
1211 3759 1244 3825 in
1260 3778 1351 3825 arca:

464 3872 630 3940 Nimirum
646 3874 781 3943 insanus
794 3876 908 3969 paucis
922 3875 1090 3962 videatur,
1104 3899 1143 3943 eo
1157 3872 1247 3966 quod

463 3984 609 4053 Maxime
624 4011 699 4079 pars
713 3987 888 4058 hominum
903 3990 1020 4057 morbo
1031 3990 1176 4082 jactatur
1189 3983 1314 4054 eodem.

464 4095 566 4166 Filius
579 4113 636 4168 aut
650 4101 748 4169 etiam
763 4101 833 4172 haec
847 4102 984 4172 libertus
998 4119 1036 4172 ut
1049 4102 1161 4171 ebibat
1175 4101 1287 4181 heres,
