3325 5342
434 623 729 691 CARMINUM
761 623 918 691 LIBER
950 624 1013 691 IV.

376 783 394 815 «
409 755 519 837 Gens,
532 775 605 844 quae
619 766 764 821 cremato
779 751 874 820 fortis
887 751 929 820 ab
943 751 1006 821 llio

376 896 394 929 «
407 867 535 935 iactata
548 864 664 934 Tuscis
677 866 866 960 aequoribus
879 891 988 954 sacra,

426 1008 445 1043 a
458 982 629 1073 Natosque
642 994 855 1073 maturosque
869 996 994 1074 patras,

474 1121 493 1156 a
507 1092 648 1161 Pertulit
661 1096 826 1163 Ausonias
840 1095 882 1162 ad
897 1095 1011 1182 urbes,

380 1374 398 1407 «ι
412 1343 515 1413 Duris
528 1356 566 1410 ut
580 1341 645 1409 ilex
658 1355 754 1409 tonsa
767 1341 967 1435 bipennibus

381 1486 399 1518 «
412 1456 525 1550 Nigrae
538 1451 639 1542 feraci
653 1449 781 1521 frondis
794 1453 829 1520 in
844 1452 984 1549 Algido,

430 1594 448 1630 n
461 1570 524 1636 Per
538 1565 678 1652 darnna,
690 1587 750 1659 per
764 1565 883 1652 eaedes,
896 1566 938 1635 ab
953 1568 1025 1662 ipso

478 1680 612 1750 «Ducit
626 1702 706 1773 opes
720 1679 936 1773 animumque
950 1681 1046 1753 ferro.

383 1964 402 1996 «
416 1937 491 2004 Non
506 1934 610 2029 hydra
624 1949 714 2004 secto
728 1959 869 2028 corpore
883 1923 1012 2005 firmior

384 2045 402 2109 d
415 2048 514 2118 Vinci
527 2047 693 2117 dolentem
708 2049 811 2117 crevit
824 2048 1065 2138 inllerculem,

432 2189 450 2222 r
463 2163 694 2230 Monstrumve
709 2161 902 2229 summisere
915 2160 1033 2230 Colchi

333 2367 362 2380 ᾗ
482 2303 499 2338 «
513 2276 641 2368 Majus,
655 2275 864 2345 Echioniaeve
877 2274 1007 2346 Tbebae.

385 2553 404 2586 «
418 2526 544 2592 Merses
557 2523 742 2617 profundo,
756 2522 928 2617 pulchrior
940 2526 1065 2613 evenit3

386 2666 405 2699 n
419 2639 579 2722 Luctare,
592 2635 697 2706 multa
711 2652 849 2730 proruet
863 2639 1030 2733 integrum

434 2779 452 2814 (ι
466 2753 553 2820 Cum
568 2749 666 2820 laude
679 2751 857 2838 victorem,
871 2768 1027 2847 geretque

483 2895 500 2930 a
514 2865 630 2936 Praelia
645 2866 846 2961 conjugibus
861 2864 1035 2961 loquenda.

387 3138 405 3171 (ι
420 3108 616 3202 Carthagini
626 3109 697 3200 jam
712 3133 779 3177 non
794 3133 858 3204 ego
872 3111 1007 3179 nuntios

387 3251 406 3282 «
420 3222 554 3289 Mittam
568 3220 736 3314 superbos.
751 3222 902 3310 Occidit,
915 3222 1037 3292 occidit

438 3364 455 3398 α
469 3338 550 3427 Spes
562 3334 688 3421 omnis,
702 3350 734 3404 et
747 3334 882 3406 fortuna
896 3338 1001 3407 nostri

486 3476 503 3510 «
518 3447 690 3534 Nominis,
702 3448 911 3518 Hasdrubale
924 3444 1139 3542 interempto!

388 3719 407 3751 ι(
422 3687 477 3760 Nil
492 3689 639 3759 Claudiae
653 3715 721 3759 non
736 3689 908 3783 perficient
920 3711 1054 3775 manus,

387 3835 407 3867 «
421 3805 514 3892 Quas
526 3819 559 3873 et
572 3805 718 3899 benigno
733 3806 870 3873 numine
883 3805 1013 3900 Jupiter

437 3947 455 3980 a
468 3917 644 4002 Defendit,
657 3931 691 3987 at
703 3941 790 3987 curae
803 3941 935 4011 sagaces

485 4059 503 4093 a
517 4031 705 4123 Expediunt
719 4056 778 4124 per
792 4047 889 4100 acuta
902 4029 1018 4098 belli.»

1096 4165 1120 4211 e
