3325 5342
245 633 268 665 v.
288 618 321 670 n
412 615 776 682 nntsromnunt
800 616 951 682 mnan
974 618 1000 684 r.
1027 639 1058 711 7·
1156 645 1225 715 279
1256 591 1261 600 ⁴

243 743 359 814 Sulcos
371 758 406 811 et
418 744 529 811 vineta
542 747 655 835 erepat
668 767 776 828 mera,
789 759 955 837 praeparat
967 743 1093 831 ulmos,

243 857 438 925 Immoritur
449 854 585 940 studiis,
598 869 631 922 et
643 880 757 924 amore
769 858 910 926 senescit
925 857 1079 928 habendi.

244 972 369 1038 Verum
382 968 442 1036 uhi
456 991 533 1036 oves
546 966 655 1052 furto,
668 967 786 1035 morbo
800 971 926 1061 periere
937 969 1087 1063 capellae,

244 1084 345 1174 Spem
359 1081 499 1149 mentita
512 1104 621 1173 seges,
634 1080 695 1147 bos
708 1093 758 1148 est
770 1095 903 1150 enectus
916 1083 1058 1169 araud03

244 1193 401 1263 Offensus
414 1194 560 1277 damnis,
574 1192 682 1261 media
695 1192 736 1260 de
749 1207 846 1262 noete
859 1194 1024 1264 caballum

244 1308 389 1400 Arripit,
403 1309 570 1401 iratusque
583 1305 728 1399 Philippi
742 1306 847 1374 tendit
861 1308 904 1376 ad
915 1310 1008 1379 tedes.

245 1421 354 1506 Quem
362 1420 460 1488 simul
469 1420 620 1514 adspexit
628 1419 782 1488 scabrum
793 1420 1028 1515 intonsumque
1034 1423 1221 1518 Philippus:

245 1534 400 1619 «Durus,
413 1534 477 1617 ait,
490 1532 624 1619 Vultei,
638 1531 736 1599 nimis
749 1546 959 1625 attentusque
972 1536 1091 1604 videris

244 1648 349 1713 «Esse
361 1645 453 1715 mihi.
463 1675 481 1710 n
494 1675 511 1710 t<
520 1644 579 1715 Pol
589 1698 601 1732 ,
611 1671 665 1714 me
678 1647 855 1732 miserum,
868 1662 1027 1739 patrone,
1039 1673 1191 1734 vocares,

245 1787 261 1819 a
270 1758 305 1825 Si
317 1756 433 1842 velles,
446 1760 574 1851 inquit,
587 1783 702 1827 verum
717 1758 799 1825 mihi
813 1783 937 1854 ponere
950 1786 1080 1830 nomen.

245 1869 371 1956 «Quod
384 1884 417 1938 te
428 1893 488 1964 per
502 1873 636 1965 genium
651 1871 867 1964 dextramque
881 1875 1036 1965 Deosque
1048 1877 1185 1945 Penates

245 1983 415 2052 «Obsecro
429 1999 462 2051 et
475 1985 638 2069 obtestor,
652 1985 727 2053 vitae
741 2009 793 2051 me
809 1984 909 2052 redde
922 1983 1043 2078 priori!
1054 2015 1072 2050 s

293 2096 361 2183 Qui
373 2095 472 2165 semel
486 2097 635 2191 adspexit
647 2112 808 2191 quantum
823 2097 957 2167 dimissa
971 2099 1081 2192 petitis

243 2211 417 2295 Praestent,
431 2224 560 2278 mature
573 2210 700 2295 redeat,
714 2225 904 2303 repetatque
917 2210 1039 2279 relicta.

243 2321 354 2389 Metiri
368 2346 402 2390 se
415 2345 579 2416 quemque
592 2347 652 2392 suo
665 2322 802 2392 modulo
814 2349 854 2394 ac
868 2324 968 2417 pede,
982 2348 1096 2393 verum
1108 2340 1166 2394 est

243 2570 421 2591 mm
797 2571 1219 2593 ”mmmm

475 2761 802 2850 EPISTOLA
844 2765 983 2851 VIII.

405 3017 466 3071 An
491 3015 678 3072 CELSUM
703 3017 1067 3073 ALBINOVANUM.

241 3227 353 3292 Caeso
368 3222 509 3316 gaudere
521 3236 554 3290 et
566 3222 650 3290 bene
664 3246 733 3289 rem
747 3246 859 3316 gerere
871 3221 1096 3305 Albinovano,

239 3338 336 3403 Musa
350 3349 482 3428 rogata,
495 3333 596 3418 refer,
609 3334 722 3402 eomiti
736 3334 916 3427 scribaeque
929 3335 1081 3404 Neronis.

238 3446 272 3513 Si
281 3459 404 3538 quaeret
413 3445 805 3539 quidagam‚dic‚muita
814 3460 848 3515 et
856 3444 995 3540 pulchra
1005 3447 1200 3530 minantem,

237 3558 356 3626 Vivere
369 3582 430 3626 nee
442 3573 546 3644 recte,
558 3584 619 3627 nec
632 3560 790 3644 suaviter,
803 3559 892 3628 haud
905 3560 984 3652 quia
998 3557 1124 3651 grando

238 3672 435 3740 Contuderit
446 3672 545 3759 vites,
558 3672 729 3767 oleamque
744 3674 960 3742 momorderit
972 3687 1087 3757 aestus,

237 3786 305 3853 Nec
317 3786 395 3877 quia
409 3783 599 3880 longinquis
613 3799 799 3855 armentum
812 3801 948 3879 aegrotet
962 3788 996 3853 in
1009 3785 1113 3878 agris:

236 3897 298 3965 Sed
311 3899 390 3991 quia
402 3915 510 3968 mente
523 3900 634 3968 minus
647 3899 774 3968 validus
789 3925 889 3993 quarn
903 3923 1040 3994 corpore
1055 3912 1141 3980 toto,

235 4012 266 4079 N
268 4009 289 4077 it
303 4012 418 4080 audire
430 4012 547 4096 velim,
560 4011 607 4080 nit
622 4012 763 4097 discere,
776 4013 866 4105 quod
880 4012 961 4080 levet
975 4036 1117 4104 tegrum3
