3325 5342
477 600 542 693 194
699 594 742 682 Q.
773 590 999 660 HORATII
1031 590 1229 659 FLACCI
1366 613 1390 644 v·
1412 614 1463 661 roo

470 730 565 816 Quos
578 747 729 793 venerem
744 722 905 790 incertam
921 718 1103 811 rapientes,
1120 743 1214 787 more
1228 720 1391 812 ferarum,

470 840 608 910 Viribus
620 837 741 907 editior
754 832 918 915 caedebat,
931 846 969 899 ut
982 826 1016 898 in
1034 856 1134 925 grege
1148 847 1272 903 taurus.

468 957 550 1022 lura
563 952 696 1019 inventa
710 960 802 1015 metu
816 943 933 1037 injusti
947 944 1071 1012 fateare
1084 969 1216 1014 neeesse
1229 963 1296 1033 est,

468 1069 633 1157 Tempora
646 1062 674 1130 si
688 1060 855 1151 fastosque
869 1056 952 1125 velis
965 1056 1116 1126 evolvere
1129 1060 1256 1127 mundi.

469 1181 538 1246 Nec
551 1190 668 1242 natura
683 1185 792 1266 potest
802 1171 894 1264 justo
908 1194 1079 1238 secernere
1094 1170 1264 1264 iniquum,

468 1289 598 1360 Dividit
612 1302 650 1356 ut
662 1288 751 1354 bona
764 1284 922 1369 diversis,
937 1283 1094 1376 fugienda
1109 1286 1267 1378 petendis.

467 1402 536 1472 Nec
548 1401 658 1469 vinoet
672 1399 757 1467 ratio
772 1398 853 1483 hoc,
868 1395 1078 1464 tantumdem
1093 1410 1128 1463 ut
1143 1412 1255 1489 peccet
1270 1398 1423 1493 idemque

467 1514 536 1603 Qui
551 1527 681 1581 teneros
695 1508 805 1579 caules
819 1507 920 1577 alieni
935 1508 1072 1602 fregerit
1086 1508 1191 1595 horti,

466 1631 509 1697 Et
521 1627 579 1720 qui
593 1640 776 1693 nocturnus
791 1647 883 1692 sacra
896 1622 1022 1690 Divum
1038 1620 1161 1715 legerit.
1177 1622 1272 1691 Adsit

466 1739 612 1834 Regula,
625 1739 767 1832 peccatis
780 1760 853 1829 quae
867 1760 982 1829 poenas
997 1737 1122 1829 irroget
1134 1760 1261 1829 aequas3

466 1856 517 1923 Ne
532 1852 650 1920 scutita
664 1849 804 1943 dignum
819 1845 973 1916 horribili
988 1862 1110 1916 sectere
1124 1848 1266 1942 flagelio.

465 1970 570 2048 Nam,
583 1978 621 2032 ut
634 1961 739 2032 semla
753 1961 859 2031 caedas
872 1962 1028 2030 meritum
1043 1963 1169 2055 majora
1182 1964 1293 2031 subire

465 2077 629 2162 Verbera,
644 2100 711 2143 non
725 2098 858 2160 vereor,
870 2098 975 2168 quum
989 2074 1079 2143 dieas
1092 2098 1162 2143 esse
1176 2099 1272 2167 pares
1286 2101 1336 2145 res

464 2195 567 2260 Furta
581 2189 782 2274 latrociniis,
795 2202 829 2256 et
841 2189 972 2282 magnis
986 2212 1088 2282 parva
1101 2189 1237 2256 mineris

464 2302 562 2373 Falce
575 2303 757 2371 recisurum
773 2300 874 2371 simili
889 2316 941 2387 te,
954 2302 981 2369 si
997 2302 1058 2369 tibi
1073 2326 1213 2395 reguum

464 2417 662 2487 Permittant
675 2416 835 2485 homines.
851 2416 885 2485 Si
901 2414 1010 2501 dives,
1023 2416 1081 2509 qui
1096 2416 1226 2508 sapiens
1240 2430 1307 2501 est,

463 2535 507 2600 Et
519 2544 612 2600 sutor
625 2531 751 2616 bonus,
764 2543 797 2599 et
809 2528 900 2598 solus
913 2530 1096 2614 forimsito,
1109 2545 1141 2598 et
1154 2545 1204 2599 est
1218 2556 1290 2617 rex,

464 2648 637 2739 Curoptas
646 2642 737 2738 quod
746 2644 1005 2714 habesP-—Nou
1015 2645 1102 2714 nosti
1112 2644 1194 2738 quid
1203 2659 1307 2738 pater,
1314 2647 1437 2739 iuquit,

464 2756 669 2851 Chrysippus
683 2757 789 2826 dicat:
804 2757 942 2850 Sapiens
956 2757 1109 2851 crepidas
1121 2758 1184 2827 sibi
1198 2784 1379 2852 numquam

463 2874 533 2939 Nec
546 2869 651 2939 soleas
666 2871 760 2957 secit3
774 2886 868 2940 sutor
881 2886 992 2940 tamen
1007 2887 1055 2941 est
1069 2874 1207 2966 sapiens.
1218 2915 1267 2926 -
1276 2874 1435 2962 Quo?—

462 2986 527 3069 Ut,
540 2983 692 3077 quamvis
705 2998 791 3053 taoet
805 2989 1050 3079 Hermogenes,
1062 3000 1180 3054 cantor
1193 3000 1303 3055 tamen
1318 3001 1418 3079 atque
1484 2983 1488 2989 ⁶

462 3097 619 3189 Optimus
632 3112 680 3165 est
694 3097 902 3185 modulator3
916 3114 955 3167 ut
968 3098 1109 3168 Alfenus
1122 3098 1229 3186 vafer,
1243 3101 1334 3168 omni

463 3209 601 3302 Abjecto
616 3212 837 3280 instrumento
851 3214 950 3297 artis,
965 3207 1141 3306 clausaque
1155 3213 1308 3298 taberna,

461 3327 561 3392 Sutor
573 3340 662 3413 erat3
675 3327 805 3420 sapiens
818 3327 928 3419 operis
943 3328 990 3396 sic
1004 3328 1150 3421 optimus
1163 3328 1272 3395 omnis

460 3440 519 3505 Est
532 3438 642 3532 opifex
657 3440 765 3527 solus,
779 3442 826 3509 sic
841 3466 906 3509 rex.
922 3482 971 3492 —
983 3439 1123 3509 vellunt
1139 3441 1199 3509 tibi
1213 3440 1349 3509 barbam

372 3618 380 3629 .
460 3552 590 3619 Lascivi
604 3555 716 3645 pueri,
729 3579 813 3649 quos
828 3570 864 3623 tu
880 3555 943 3622 nisi
959 3554 1045 3623 fuste
1060 3578 1206 3639 coerces,

461 3666 597 3757 Urgeris
611 3668 709 3735 turba
722 3668 848 3737 eireum
863 3684 896 3737 te
910 3683 1034 3753 stante,
1048 3669 1213 3762 miserque
1265 3716 1267 3721 s

460 3778 653 3870 Rumperis,
666 3795 700 3849 et
714 3780 830 3869 latras,
844 3807 1042 3877 magnorum
1057 3783 1200 3850 maxime
1214 3805 1338 3875 regum.

457 3891 510 3957 Ne
524 3887 660 3984 longum
676 3894 812 3981 boiam,
826 3896 906 3964 dum
922 3910 959 3963 tu
973 3893 1158 3990 quadrante
1173 3895 1316 3964 lavatum

459 4003 529 4070 Rex
544 4002 624 4087 ibis,
638 4029 744 4098 neque
755 4022 789 4075 te
803 4008 979 4102 quisquam
993 4008 1149 4101 stipator,
1163 4008 1313 4100 ineptum
