3325 5342
441 651 508 725 rae
662 652 704 738 Q.
736 647 960 716 noulrn
992 648 1190 717 relect
1360 660 1421 705 „a

437 781 631 853 Praeclaram
647 781 776 873 ingrata
790 776 931 870 stringat
944 774 1051 846 malus
1064 776 1212 871 ingluvie
1225 806 1312 869 rem,

436 898 559 966 Omnia
572 892 744 964 conductis
756 914 909 960 coemens
922 891 1061 959 obsonia
1075 894 1240 980 nummis3

437 1010 596 1080 Sordidus
608 1023 707 1102 atque
719 1005 822 1075 animi
836 1004 926 1098 quod
941 1005 1035 1098 pani
1049 1004 1134 1073 nolit
1146 1006 1280 1094 haberi,

438 1124 635 1218 Respondet.
651 1120 824 1191 Laudatur
836 1119 879 1188 ab
892 1119 963 1206 his,
976 1117 1130 1213 culpatur
1142 1121 1184 1189 ab
1198 1121 1272 1192 illis.

438 1237 586 1308 Fufidius
600 1259 712 1329 vappa
725 1233 847 1303 samm
860 1232 955 1302 timet
966 1257 1006 1301 ac
1019 1232 1211 1321 nebulonis,

438 1351 539 1421 Dives
552 1350 659 1443 agris,
671 1346 762 1416 dives
774 1345 891 1439 positis
905 1345 940 1413 in
954 1344 1069 1415 fenore
1081 1348 1236 1417 nummis.

439 1465 568 1554 Quinas
582 1463 637 1531 hic
649 1461 749 1555 capiti
762 1459 930 1529 mercedes
941 1474 1088 1546 exsecat,
1100 1474 1199 1554 atque

440 1578 576 1664 Quanto
590 1573 752 1669 perditior
764 1573 905 1666 quisque
917 1587 983 1659 est,
999 1587 1094 1642 tanto
1107 1573 1215 1642 acrius
1228 1588 1343 1668 urget3

439 1689 585 1760 Nomina
596 1701 755 1772 sectatur,
767 1685 870 1755 modo
882 1701 1014 1780 sumpta
1025 1700 1114 1756 veste
1127 1685 1232 1774 virili,

439 1801 509 1872 Sub
521 1799 671 1895 patribus
684 1799 794 1885 duris,
806 1800 965 1868 tironum.
977 1800 1141 1887 Maxime,
1154 1801 1229 1892 quis
1241 1826 1327 1886 non,

440 1915 586 2008 Jupiter,
596 1911 774 1997 exclamat,
786 1910 885 1981 simul
898 1927 997 2006 atquc
1009 1913 1161 1981 audivit?
1171 1954 1220 1966 -
1232 1917 1276 1983 At
1288 1915 1322 1982 in
1336 1939 1371 1982 se

441 2031 506 2097 Pro
519 2041 645 2120 quaestu
660 2039 830 2119 sumptum
844 2025 922 2094 facit
933 2025 997 2095 hie
1008 2068 1056 2078 —
1064 2027 1131 2096 Vix
1143 2026 1410 2121 crederepossis‚

442 2140 554 2227 Quam
568 2138 629 2206 sibi
643 2162 712 2206 non
726 2138 768 2206 sit
780 2137 924 2224 amicus3
938 2138 983 2206 ita
997 2152 1035 2207 ut
1046 2153 1141 2232 pater
1154 2137 1226 2225 ille,
1237 2140 1368 2209 Terenti

443 2250 568 2320 Fabula
581 2275 681 2345 quern
693 2250 851 2320 miserum
865 2265 944 2319 nato
957 2251 1076 2320 vixisse
1088 2252 1204 2345 fugato

443 2363 593 2451 lnducit,
605 2388 673 2431 non
687 2387 722 2431 se
734 2363 828 2456 pejus
841 2363 1039 2432 cruciaverit
1050 2377 1149 2457 atque
1162 2364 1225 2433 hic

491 2477 525 2545 Si
539 2477 613 2570 quis
625 2501 715 2545 nunc
727 2491 871 2570 querat,
883 2502 950 2570 quo
964 2502 1016 2545 res
1029 2476 1098 2546 haec
1110 2475 1275 2571 pertinet?
1287 2476 1390 2563 llluc;

443 2594 535 2659 Dum
548 2591 653 2657 vitant
665 2589 756 2658 stulti
772 2591 869 2677 vitia,
882 2591 917 2658 in
931 2591 1097 2659 contraria
1110 2606 1259 2660 currunt.

444 2711 628 2782 Malthinus
640 2713 762 2782 tunicis
775 2713 925 2782 demissis
938 2712 1104 2799 ambulat3
1116 2727 1165 2781 est
1179 2713 1236 2807 qui

444 2828 573 2918 Inguen
586 2825 629 2894 ad
641 2827 820 2895 obscenum
835 2824 1005 2894 subductis
1019 2850 1123 2919 usque
1136 2826 1277 2913 facetus3

445 2937 596 3007 Pastillos
608 2938 751 3008 Rufillus
764 2939 848 3026 olet,
861 2939 1055 3033 Gorgonius
1068 2939 1216 3008 hircum:

445 3050 500 3121 Nil
515 3052 660 3121 medium
673 3067 731 3121 est
745 3056 830 3122 Sunt
844 3053 902 3146 qui
915 3051 1024 3121 nolint
1038 3053 1201 3145 tetigisse,
1214 3052 1276 3121 nisi
1292 3050 1380 3137 illas,

446 3166 599 3252 Quarum
612 3166 748 3234 subsuta
762 3165 847 3234 talos
859 3179 950 3259 tegat
963 3165 1075 3233 instita
1089 3180 1195 3251 veste3

446 3281 572 3347 Contra
584 3277 668 3347 alius
682 3278 827 3366 nullam,
839 3279 903 3347 nisi
918 3276 1021 3347 olenti
1037 3279 1070 3346 in
1086 3277 1211 3346 fornice
1224 3291 1373 3346 stantem.

446 3390 592 3477 Quidam
605 3405 704 3459 notus
717 3391 819 3460 homo
833 3416 937 3485 quum
950 3391 1054 3459 exiret
1066 3389 1211 3458 fornice:
1225 3416 1243 3453 r
1255 3392 1364 3458 Macte

446 3533 463 3566 α
476 3506 608 3577 Virtute
620 3521 708 3592 esto,
722 3535 739 3571 a
752 3507 862 3601 inquit
876 3505 1040 3576 sententia
1052 3503 1107 3573 dia
1120 3504 1266 3575 Catonis

446 3646 463 3680 ι(
477 3620 562 3686 Nam
577 3618 675 3688 simul
688 3645 728 3689 ac
739 3645 840 3689 venas
852 3619 982 3688 inflavit
995 3633 1080 3686 tetra
1093 3600 1216 3701 libido,

446 3759 463 3793 a
476 3733 550 3800 Huc
559 3732 696 3824 juvenes
708 3748 903 3827 aequurnest
916 3732 1130 3818 descendere,
1143 3757 1211 3801 non
1226 3729 1350 3799 alienas

448 3870 466 3904 u
478 3842 663 3913 Permolere
675 3870 803 3916 uxorea.
818 3846 962 3918 »Nolim
976 3845 1159 3929 laudarier,
1173 3843 1299 3936 inquit,

447 3955 500 4022 Sic
514 3980 582 4042 me,
595 3958 733 4027 mirator
745 3961 848 4028 cunni
862 3960 1070 4054 Cupiennius
1083 3957 1161 4026 albi.

494 4067 617 4136 Audire
629 4085 678 4138 est
690 4097 797 4164 operae
810 4074 974 4166 pretium,
985 4070 1165 4165 procedere
1179 4082 1266 4136 recte
