3325 5342
187 731 210 759 v·
231 721 262 773 rt
356 708 669 776 SATIRARUM
701 707 859 774 LIBER
890 709 938 774 11.
971 705 1002 776 3.
1100 711 1162 781 231

188 841 223 910 Si
237 837 324 908 male
338 862 407 906 rem
421 860 552 941 gerere,
566 837 674 905 insani
687 849 756 922 est3
769 851 904 921 contra,
917 837 1018 925 bene,
1032 842 1121 926 sani,

190 952 344 1023 Putidius
357 950 466 1022 multo
480 949 652 1019 cerebrum
667 964 734 1037 est,
747 951 829 1019 mihi
844 951 957 1038 crede,
970 951 1083 1021 Perilli

187 1065 373 1150 Dictantis,
386 1063 477 1157 quod
491 1078 528 1132 tu
542 1086 726 1155 numquam
741 1063 920 1133 rescribere
934 1066 1048 1157 possis.

189 1178 330 1263 Audire,
343 1191 443 1271 atque
457 1192 567 1270 togam
579 1175 682 1267 jubeo
695 1200 911 1270 componere,
925 1179 1074 1272 quisquis

189 1291 382 1360 Ambitione
395 1288 482 1358 mala
496 1303 554 1357 aut
568 1288 697 1381 argenti
711 1286 815 1381 pallet
824 1313 956 1378 amore,

190 1404 351 1497 Quisquis
366 1401 514 1487 luxuria,
528 1401 654 1471 tristive
667 1401 918 1495 superstitione,

189 1521 256 1587 Aut
270 1515 336 1585 alio
351 1517 470 1587 mentis
483 1515 603 1585 morbo
616 1513 709 1587 calet.
725 1517 800 1585 Huc
812 1516 950 1609 propius
963 1542 1033 1605 me,

189 1634 280 1700 Dum
294 1630 397 1699 doceo
412 1630 556 1699 insanire
569 1652 776 1715 ornnes,‚vos
790 1628 907 1699 ordine
920 1631 1017 1701 adite.

190 1749 310 1817 Danda
323 1763 373 1817 est
386 1745 547 1819 hellebori
562 1745 669 1816 multo
683 1769 761 1839 pars
774 1746 919 1814 maxima
932 1748 1057 1833 avaris;

188 1863 308 1931 Nescio
321 1886 364 1930 an
378 1861 570 1955 Anticyram
585 1860 672 1929 ratio
686 1857 752 1928 illis
766 1858 908 1927 destinet
921 1883 1063 1928 omnem.

189 1976 332 2044 Heredes
344 1975 474 2044 Staberi
489 1998 653 2043 summam
668 1973 815 2042 incidere
828 1972 990 2065 sepulcro.

189 2090 233 2159 Ni
247 2089 477 2175 defecissent,
492 2088 715 2183 gladiatorum
730 2087 810 2156 dare
824 2102 957 2156 centnm

189 2203 346 2272 Damnati
361 2200 485 2296 populo
500 2203 612 2295 paria,
624 2216 724 2294 atque
738 2199 894 2295 epulum,
907 2200 1047 2270 arbitrio
1061 2203 1155 2288 Arri,

189 2318 360 2387 Frumenti
375 2331 539 2411 quantum
553 2317 648 2387 metit
661 2315 786 2386 Africa
800 2357 849 2368 —
859 2316 936 2385 Sive
948 2339 1011 2411 ego
1025 2340 1142 2411 prave,

188 2434 253 2500 Seu
268 2446 372 2518 recte,
385 2430 449 2500 lroc
463 2429 572 2517 volui;
586 2454 628 2500 ne
642 2430 687 2500 sis
702 2444 841 2524 patruus
854 2430 949 2500 mihi.
963 2430 1135 2501 -Credo

190 2547 262 2614 lloc
274 2545 403 2614 Staberi
418 2544 617 2638 prudentem
631 2544 781 2614 animum
796 2544 927 2613 vidisse.

535 2681 627 2726 narn
637 2682 659 2726 a
668 2681 684 2727 s
693 2681 793 2726 trun
802 2682 827 2725 s.

944 2771 1037 2859 Quid
1050 2795 1130 2865 ergo

191 2886 317 2971 Sensit,
331 2908 434 2977 quum
448 2909 613 2954 summam
627 2886 808 2978 patrimoni
825 2884 1011 2978 insculpere
1024 2909 1102 2953 saxo

192 2997 335 3067 Heredes
348 2996 474 3067 voluit?

561 3135 663 3181 suan
672 3134 831 3181 rricius.

494 3223 616 3311 Quoad
630 3226 731 3312 vixit,
744 3224 887 3294 credidit
901 3225 1017 3319 ingens

193 3335 389 3426 Pauperiem
403 3335 537 3423 vitium,
550 3351 584 3405 ct
596 3337 685 3407 cavit
700 3336 785 3406 nihil
799 3338 928 3423 acrius;
941 3350 996 3422 nt,
1010 3336 1036 3405 si

193 3452 292 3516 Forte
306 3448 418 3519 minus
431 3447 576 3543 locuples
590 3475 659 3521 uno
673 3450 859 3545 quadrante
874 3450 1028 3544 perisset,

193 3564 268 3654 Ipse
280 3561 449 3631 videretur
461 3563 524 3633 sibi
540 3565 690 3657 nequior.
705 3565 827 3635 Omnis
840 3566 931 3633 enim
947 3588 1014 3647 rer,

193 3674 326 3760 Virtus,
339 3675 443 3762 fama,
457 3676 574 3764 decus,
588 3678 702 3747 divina
715 3679 928 3772 humanaque
942 3676 1089 3771 pulchris

192 3786 328 3855 Divitiis
341 3803 475 3881 parent;
488 3814 570 3883 quas
585 3791 643 3884 qui
658 3792 900 3876 construxerit,
913 3788 969 3858 ille

194 3897 311 3968 Clarus
325 3902 406 3986 erit,
419 3901 532 3988 sortis,
542 3904 661 3995 justus.

540 4041 829 4087 ninistrans.

673 4130 876 4224 Sapiensne?
