3325 5342
266 662 291 692 v·
311 645 363 704 ²89
436 638 747 709 SATIRARUM
777 640 936 706 LIBER
967 643 1016 708 ΙΙ.
1049 641 1080 711 3.
1178 647 1247 742 239

265 777 374 844 Mater
385 772 434 840 ait
447 769 542 864 pueri
558 793 686 839 menses
696 769 767 861 jam
781 770 930 863 quinque
942 771 1111 860 cubantis,
1178 810 1181 815 <

265 885 426 983 «Frigida
440 884 466 952 si
481 896 622 977 puerum
634 894 800 976 quartana
814 881 1003 978 reliquerit,
1017 884 1075 954 itto

265 1005 392 1070 «Mane
406 999 477 1083 die,
490 1020 557 1090 quo
573 1011 610 1064 tu
625 994 744 1065 indicis
755 996 900 1089 jejunia,
913 998 1024 1068 nudus

159 1082 179 1111 ⁴⁹
266 1146 283 1181 a
292 1121 331 1185 ln
345 1113 458 1183 Tiberi
473 1110 609 1180 stabit.»
622 1112 727 1180 Casus
742 1110 928 1181 medicusve
942 1111 1059 1183 levarit

266 1233 405 1324 AEgrurn
418 1251 458 1296 ex
471 1223 649 1320 praecipiti,
661 1237 767 1292 mater
781 1223 885 1293 delira
900 1227 1030 1296 necabit
1061 1292 1068 1309 ,

267 1346 305 1410 ln
321 1338 429 1435 gelida
442 1337 545 1409 fixum
560 1335 650 1430 ripa,
664 1334 849 1429 febrimque
864 1336 1006 1408 reducet.

266 1451 486 1544 Quonernalo
500 1464 645 1520 mentem
659 1448 841 1519 oeneussa?
852 1451 972 1521 timore
984 1456 1142 1523 Deorum.

618 1585 889 1633 nnunsreuus

264 1683 341 1748 Haec
354 1678 436 1748 mihi
450 1678 646 1764 Stertinius,
659 1675 847 1771 sapientum
855 1691 1015 1764 octavus,
1028 1681 1135 1749 amico

264 1795 365 1862 Arma
380 1791 488 1879 dedit,
501 1790 640 1886 posthae
654 1814 696 1858 ne
709 1788 927 1883 oompellarer
940 1790 1073 1860 inultus

262 1906 393 1975 Dixerit
406 1906 559 1974 insanum
574 1906 631 2000 qui
646 1929 716 1991 me,
729 1903 869 1974 totidem
883 1903 1012 1991 audiet,
1025 1921 1123 1999 atque

264 2019 435 2112 Respicere
450 2019 564 2113 ignoto
579 2017 683 2089 discet
695 2016 874 2110 pendentia
887 2031 990 2111 tergo.

644 2153 860 2200 nonanus.

262 2246 387 2331 Stoioe,
401 2258 476 2338 post
489 2244 647 2313 damnum
662 2245 709 2313 sic
722 2243 846 2313 vendas
858 2244 970 2311 omnia
984 2241 1104 2336 pluris!

262 2360 338 2447 Qua
352 2384 404 2428 rne
416 2357 573 2446 stultitia,
586 2359 744 2453 quoniam
760 2382 826 2425 non
842 2372 891 2425 est
905 2381 1008 2451 genus
1021 2381 1144 2442 unum,

262 2472 410 2541 insanire
422 2470 541 2565 putas?
553 2496 616 2566 ego
629 2496 706 2539 nam
721 2470 836 2538 videor
849 2469 930 2537 mihi
944 2494 1051 2540 sanus.

613 2607 882 2654 naueslrrus.

261 2697 370 2786 Quid,
383 2712 483 2791 caput
495 2697 659 2767 abscisum
673 2696 809 2766 demens
822 2720 926 2792 quum
940 2710 1051 2788 portat
1064 2699 1174 2790 Agave

261 2812 362 2881 Gnati
377 2810 534 2897 infelicis,
547 2811 609 2880 sibi
624 2826 695 2879 tum
710 2809 837 2879 furiosa
849 2808 1002 2878 videtur?

641 2948 853 2997 nonarius.

141 3058 146 3065 ·
258 3036 402 3107 Stultum
416 3064 469 3107 me
482 3039 601 3123 fateor,
615 3038 712 3108 lioeat
724 3037 906 3109 eoncedere
918 3036 1021 3121 veris,

258 3153 368 3245 Atque
381 3152 479 3221 etiam
494 3153 664 3238 insanum3
678 3166 809 3221 tantum
823 3152 888 3221 hoe
900 3150 1059 3236 edissere,
1073 3174 1140 3242 quo
1153 3172 1205 3216 nie

257 3267 430 3358 AEgrotare
443 3281 538 3361 putes
551 3268 653 3335 animi
668 3264 772 3334 vitio?

607 3402 878 3451 nnnnslerus.

779 3494 919 3587 Accipe,
933 3492 1076 3586 primum

250 3607 426 3701 ,AEdifieau
439 3608 502 3675 hoe
515 3622 582 3693 est,
596 3607 715 3703 longos
728 3607 885 3694 imitaris,
897 3606 939 3675 ab
953 3606 1021 3673 imo

254 3721 303 3790 Ad
317 3746 481 3790 summurn
496 3735 585 3791 totus
599 3721 727 3790 moduli
741 3719 920 3816 bipedalis,
932 3733 966 3788 et
980 3716 1066 3786 idem

253 3836 401 3926 Corpore
414 3835 571 3928 majorem
588 3834 675 3903 rides
688 3833 854 3904 Turbonis
869 3833 903 3900 in
917 3830 1018 3900 armis

250 3946 409 4037 Spiritum
422 3962 455 4015 et
469 3948 651 4034 incessum;
664 3948 721 4041 qui
737 3944 894 4015 ridiculus
910 3944 1019 4011 minus
1033 3937 1115 4007 illo?

250 4058 300 4125 An
313 4059 546 4153 quodcumque
560 4060 638 4131 facit
651 4063 828 4143 Maecenas,
841 4072 874 4126 te
887 4079 1020 4147 quoque
1033 4076 1148 4122 verum
1161 4064 1227 4135 est,
