3325 5342
431 669 726 737 CARMINUM
757 669 912 735 LIBER
945 668 1017 733 ΙΙΙ.
1167 669 1215 764 95

378 797 486 867 Audis
499 822 568 891 quo
582 798 722 890 strepitu
730 797 854 892 janua,
867 822 934 890 quo
948 820 1064 865 nemus

379 916 472 980 Inter
484 909 625 1005 pulchra
639 925 745 979 satum
761 925 848 979 tecta
861 911 1023 1004 remugiat

378 1025 514 1108 Ventis,
527 1039 560 1091 et
574 1011 698 1118 positas
712 1038 750 1091 ut
763 1023 883 1117 glaciet
896 1024 986 1092 nives

478 1142 567 1207 Puro
581 1140 719 1207 numine
731 1137 883 1231 Jupiter?

379 1367 546 1457 Ingratam
563 1362 684 1441 Veneri
700 1385 786 1453 pone
801 1361 1006 1454 superbiam,

378 1479 429 1546 Ne
442 1490 594 1544 currente
609 1489 697 1542 retro
712 1471 802 1541 funis
816 1488 869 1541 cat
884 1488 967 1542 rota.

378 1592 452 1660 Non
469 1604 500 1657 te
511 1586 698 1682 Penelopen
715 1584 886 1658 difficilem
902 1589 1011 1681 procis

472 1701 662 1796 Tyrrhenus
677 1701 792 1796 genuit
807 1725 936 1793 patens.

378 1933 427 2013 Ο,
440 1929 591 2022 quamvis
605 1954 713 2022 neque
727 1943 760 1996 te
774 1952 931 2011 munera,
946 1954 1005 1996 nec
1020 1954 1147 2022 preces,

379 2044 447 2111 Nec
460 2042 583 2110 tinctus
597 2039 685 2110 viola
700 2039 808 2135 pallor
821 2041 1023 2127 amantium,

379 2158 447 2225 Nec
459 2157 511 2223 vir
524 2155 632 2225 Pieria
646 2154 763 2250 pellice
778 2156 908 2224 saucius

474 2273 618 2356 Curvat,
632 2270 838 2364 supplicibus
852 2271 918 2338 tuis

379 2494 515 2575 Parcas,
528 2517 589 2561 nec
604 2492 712 2588 rigida
725 2492 859 2561 mollior
872 2492 1000 2579 escum,

380 2607 449 2675 Nec
462 2608 590 2675 Mauris
604 2609 751 2676 animum
768 2610 883 2678 mitior
895 2606 1076 2704 anguibus!

381 2720 455 2791 Non
472 2720 536 2789 hoc
550 2747 679 2815 semper
692 2723 755 2791 erit
769 2722 894 2792 liminis
908 2739 965 2794 aut
979 2749 1072 2819 aquae

475 2834 626 2906 Caelestis
641 2837 769 2930 patiens
783 2836 878 2906 latus.

236 3085 792 3107 ΜΜΜΜΜΜΜΜἋ

589 3278 732 3365 ODE
773 3280 865 3365 Xl.

542 3533 601 3590 AD
625 3535 908 3594 muncuamu.

377 3749 561 3832 Maacum,
575 3771 653 3815 nam
669 3762 701 3816 te
715 3747 833 3817 docilis
847 3749 1006 3842 magistro

377 3860 484 3926 Movit
499 3860 666 3953 Amphion
684 3859 810 3955 lapides
823 3861 990 3948 canendo,

378 3975 511 4066 Tuque,
525 3974 674 4060 testudo,
689 4000 842 4045 resonam
857 3990 981 4068 septem

522 4086 651 4155 Callida
665 4092 791 4168 nervis,
