3325 5342
236 795 316 830 mn
420 776 728 844 SATIRARUM
760 775 918 841 LIBER
950 779 981 867 1.ι
1010 773 1040 844 5.
1156 801 1219 844 ποι

238 913 287 979 Ac
301 906 398 977 mulae
412 919 586 997 nautaeque
600 917 700 997 caput
713 901 910 995 lumbosque
924 904 1051 999 saligno
1160 898 1166 908 ⁸

238 1027 336 1091 Fuste
351 1020 451 1090 dolat.
467 1020 597 1108 Quarta
610 1019 665 1084 vix
680 1016 814 1089 demum
829 1019 1027 1109 exponimur
1041 1019 1131 1091 hora.

238 1140 309 1206 Ora
323 1159 507 1227 manusque
520 1147 579 1201 tua
593 1130 752 1218 lavimus,
765 1133 925 1217 Feronia,
939 1131 1082 1226 lympha,

286 1249 397 1318 Millia
411 1264 482 1317 turn
497 1246 610 1341 pransi
625 1246 688 1313 tria
704 1245 870 1338 repimus,
883 1260 982 1338 atque
996 1247 1146 1317 subimus

238 1363 445 1455 Impositum·
453 1360 539 1429 saxis
548 1358 619 1427 late
632 1356 852 1426 candentibus
865 1362 993 1428 Anxur.

238 1479 313 1543 Huc
326 1488 484 1542 venturus
498 1486 569 1541 erat
583 1474 764 1556 Maecenas,
777 1472 925 1563 optimus
938 1487 1038 1567 atque

238 1588 418 1673 Cocceius,
432 1584 672 1678 missimagnis
686 1582 727 1651 de
742 1582 841 1651 rebus
855 1598 994 1678 uterque

238 1701 374 1794 legati,
387 1722 519 1767 aversos
533 1696 622 1767 soliti
637 1719 839 1789 componere
851 1699 985 1766 amicos.

243 1815 305 1882 llic
317 1812 422 1882 oculis
436 1838 498 1907 ego
511 1813 608 1906 nigra
624 1811 707 1879 meis
721 1808 857 1903 collyria
872 1809 982 1904 lippus

200 1993 203 1997 .
245 1926 384 1996 lllinere.
398 1931 529 1996 Interea
542 1928 706 1993 Maecenas
720 1922 872 2008 advenit,
884 1938 983 2016 atque

246 2041 422 2126 Cocceius,
435 2039 621 2133 Capitoque
635 2036 734 2105 simul
749 2037 925 2124 Fonteius,
938 2037 981 2105 ad
996 2062 1141 2132 unguem

245 2156 363 2221 Factus
377 2153 496 2239 horno,
510 2152 652 2236 Antoni,
666 2176 733 2220 non
749 2165 786 2219 ut
800 2152 906 2244 magis
919 2149 1018 2238 alter,
1031 2152 1165 2220 amicus.

245 2265 379 2334 Fundos
393 2265 526 2336 Aufidio
540 2269 650 2335 Lusco
665 2279 805 2358 praetore
819 2263 961 2332 libenter

245 2380 462 2474 Linquimus,
475 2379 583 2448 insani
598 2379 743 2448 ridentes
757 2379 892 2474 praemia
907 2378 1039 2465 seribae,

245 2496 440 2562 Praetextam
451 2546 461 2581 ,
473 2508 507 2562 et
520 2494 625 2575 latum
638 2493 787 2582 clavum,
802 2518 982 2588 prunaeque
996 2490 1156 2561 vatillum.

245 2612 284 2677 Iu
299 2612 545 2679 Mamurrarum
560 2608 637 2678 lassi
652 2608 771 2678 deinde
785 2609 868 2678 urbe
882 2634 1072 2697 manemus,

244 2725 394 2791 Muraena
409 2720 745 2816 praebentedomum,
759 2723 923 2815 Capitone
935 2722 1090 2791 culinam.

245 2839 379 2906 Postera
393 2835 449 2905 lux
463 2837 572 2905 oritur
585 2835 693 2909 multo
708 2837 914 2931 gratissima;
929 2862 1072 2931 namque

245 2949 371 3018 Plotius
384 2965 417 3018 et
430 2951 553 3019 Varius
566 2949 729 3020 Sinuessae
742 2951 973 3045 Virgilinsque

245 3065 452 3150 Occurrunt,
464 3061 728 3155 animae,quales
741 3088 849 3157 neque
863 3062 1073 3133 candidiores

244 3180 347 3244 Terra
361 3174 456 3264 tulit,
469 3201 576 3268 neque
589 3177 665 3270 quis
678 3202 731 3246 me
745 3177 789 3246 sit
802 3176 987 3247 devinctior
998 3177 1091 3247 alter.

245 3291 277 3357 Ο
291 3288 349 3383 qui
363 3286 555 3383 complexus
568 3303 602 3357 et
615 3290 737 3384 gaudia
750 3306 875 3385 quanta
889 3287 1039 3361 fuemnt!

244 3402 301 3474 Nil
316 3428 379 3497 ego
392 3402 592 3473 contulerim
602 3404 753 3497 jucundo
767 3432 866 3476 sanus
880 3407 997 3475 amieo.

245 3516 400 3586 Proxima
414 3520 587 3612 Campano
601 3521 694 3613 ponti
709 3546 782 3615 quae
796 3519 929 3608 villula,
942 3517 1074 3589 tectum'

245 3631 407 3718 Praebuit,
420 3647 453 3701 et
466 3632 620 3727 parochi,
635 3659 708 3727 quae
723 3633 862 3722 debent,
876 3633 967 3728 ligna
980 3632 1156 3727 salemque.

245 3744 331 3813 Hine
345 3744 427 3814 muli
442 3748 565 3840 Capuae
579 3745 719 3816 clitellas
733 3763 883 3842 tempore
896 3761 1036 3841 ponunt.

245 3858 371 3924 Lusum
385 3857 412 3924 it
424 3861 603 3946 Maecenas,
618 3857 800 3928 dormitum
814 3885 877 3955 ego
890 3857 1135 3953 virgiliusque3

244 3971 395 4063 Namque
409 3971 483 4064 pila
491 3971 591 4066 lippis
606 3973 779 4042 inimicum
793 3989 827 4042 et
841 3972 955 4042 ludere
969 3970 1089 4041 crudis.

175 4126 179 4131 -
291 4082 378 4151 Hinc
391 4109 452 4153 nos
466 4086 597 4156 Cocceii
613 4086 729 4180 recipit
743 4085 934 4179 plenissima
948 4083 1043 4172 villa,

244 4198 326 4283 Quae
341 4213 502 4291 superest
516 4197 624 4269 Caudi
638 4224 813 4292 cauponas.
829 4202 928 4269 Nune
942 4198 1024 4268 mihi
1039 4197 1152 4292 paucis
