3325 5342
512 692 727 758 EPODON
758 692 925 761 LIBER.
1146 692 1208 762 163

326 820 442 910 Quid?
453 819 544 911 quod
559 817 660 887 libelli
673 820 774 887 Stoici
789 820 875 887 inter
887 821 1014 888 Sericos

423 937 535 1002 Jacere
548 931 702 1026 pulvillos
715 947 846 1017 amant,
886 983 892 996 .

328 1047 478 1116 Illiterati
493 1071 573 1115 num
587 1048 698 1115 minus
712 1046 804 1114 nervi
819 1047 950 1140 rigent?

424 1160 577 1229 Minnsve
590 1159 725 1253 languet
738 1158 921 1227 fascinum?

330 1273 432 1362 Quod
446 1287 483 1341 ut
496 1273 638 1368 superbo
652 1297 810 1366 provoces
823 1274 865 1340 ab
880 1274 1032 1366 inguine,

426 1390 493 1456 Ore
506 1386 757 1485 allaborandum
770 1401 819 1455 est
833 1387 902 1454 tibi.

182 1656 187 1664 ⁴
235 1634 1214 1658 mmmmmmmmwmmm

589 1828 732 1914 ODE
773 1828 866 1913 IX.

525 2069 585 2139 'nn
611 2085 927 2141 nocanarnn.

332 2292 486 2380 Quuuoo
501 2302 669 2381 repostum
683 2289 863 2358 Caecubum
876 2290 918 2357 ad
933 2290 1029 2361 festas
1042 2294 1159 2388 dapes,

427 2402 563 2471 Victore
576 2399 669 2469 laetus
682 2404 828 2487 Caesare,

331 2521 454 2586 Tecum
467 2515 529 2583 sub
543 2513 627 2599 alta,
640 2515 688 2583 sic
699 2517 773 2584 Jovi
788 2531 938 2610 gratum,
952 2519 1068 2607 domo,'

427 2631 525 2696 Beate
538 2630 717 2712 Murenae,
729 2627 859 2715 bibam,

332 2745 477 2811 Sonante
489 2742 631 2809 mixtum
645 2741 735 2811 tibiis
748 2767 881 2812 carmen
897 2734 985 2838 lyra,

428 2858 498 2924 Hac
511 2856 673 2941 Dorium,
688 2854 752 2924 illis
766 2858 971 2926 Barbarum?

335 2973 381 3038 Ut
395 2993 516 3062 nuper,
528 2984 620 3038 actus
633 2995 737 3063 quum
752 2970 836 3040 freto
849 2974 1035 3066 Neptunius

431 3085 510 3151 Dux
523 3082 625 3176 fugit,
638 3084 720 3151 ustis
734 3086 891 3171 navibus,

336 3198 485 3266 Minatus
497 3197 582 3265 Urbi
595 3196 721 3281 vincla,
735 3223 807 3291 quae
822 3199 1005 3268 detraxerat

433 3310 541 3378 Servis
554 3310 679 3379 amicus
691 3311 836 3405 perfidis.

337 3424 525 3505 Romanus,
537 3418 638 3490 eheu!
653 3426 776 3516 posteri
792 3425 971 3520 negabitis,

433 3536 668 3628 Emancipatus
682 3536 828 3624 femina,

338 3651 414 3717 Fert
425 3647 548 3717 vallum
562 3664 595 3718 et
608 3675 700 3719 arma
714 3650 824 3737 miles,
837 3666 870 3720 et
884 3651 1083 3746 spadonibus

433 3762 561 3829 Servire
575 3764 705 3856 rugosis
719 3760 843 3856 potest!

337 3876 492 3966 Interque
505 3876 616 3968 signa,
629 3890 744 3969 turpe,
757 3876 912 3946 militaria

431 3973 640 4086 Sol'adspicit
652 3996 830 4087 conopium
841 3992 848 4061 !

337 4101 387 4169 Ad
400 4101 490 4171 hunc
503 4103 677 4174 frementes
690 4119 860 4177 verterunt
873 4105 923 4173 bis
937 4102 1026 4172 mille
1039 4127 1140 4196 equos
