3325 5342
405 598 473 670 ²7⁰
630 573 672 659 Q.
704 571 927 640 HORATll
960 570 985 634 F
992 569 1153 637 LACCI

404 814 1392 844 mmmmmmmmwmmmmvwnmmm

665 1011 990 1100 EPISTOLA
1033 1011 1123 1095 Ill.

651 1269 711 1324 AD
736 1267 914 1324 JULIUM
940 1266 1141 1322 FLORUM.

406 1502 424 1566 J
427 1520 484 1566 um
499 1495 613 1581 Flore,
627 1493 748 1588 quibus
762 1506 925 1560 terrarum
938 1489 1058 1558 militet
1071 1491 1139 1558 oris

408 1610 568 1679 Claudius
583 1608 724 1703 Augusti
739 1606 930 1700 privignus,
944 1606 1027 1673 seire
1041 1603 1165 1673 laboro.

406 1723 578 1792 Thracane
592 1746 669 1806 vos,
682 1719 879 1811 Hebrusque
894 1718 996 1787 nivali
1010 1718 1168 1812 compede
1180 1720 1331 1804 vinctus,

407 1839 458 1904 An
474 1835 557 1903 freta
570 1834 694 1902 vicinas
710 1832 797 1899 inter
810 1832 979 1900 currentia
993 1845 1117 1916 turres,

407 1940 459 2016 A'n
473 1948 613 2041 pingues
627 1945 713 2015 Asiae
727 1943 835 2038 campi
850 1941 1015 2037 collesque
1029 1944 1223 2013 momatur?

408 2062 502 2152 Quid
510 2061 657 2131 studiosa
666 2060 786 2130 cohors
794 2084 935 2154 opernm
944 2059 1062 2129 struit?
1070 2063 1142 2129 lloc
1150 2087 1282 2155 quoque
1291 2086 1390 2147 curo,

409 2177 495 2267 Quis
509 2177 571 2245 sibi
587 2202 638 2246 res
652 2189 759 2271 gestes
772 2176 915 2270 Augusti
930 2175 1072 2244 scribere
1085 2176 1208 2244 sumit?

407 2288 499 2359 Bella
516 2291 591 2383 quis
603 2304 636 2359 et
649 2314 745 2384 paces
760 2287 896 2382 longum
911 2287 1070 2357 diffundit
1085 2290 1120 2357 in
1133 2290 1261 2357 rerum?

408 2405 502 2494 Quid
515 2406 640 2490 Titius,
653 2407 805 2473 Romana
819 2404 911 2472 brevi
926 2418 1084 2472 venturus
1098 2405 1131 2471 in
1145 2430 1221 2491 ora,

408 2519 576 2587 Pindarici
591 2518 692 2588 sontis
707 2519 764 2611 qui
779 2543 846 2586 non
862 2517 1021 2610 expalluit
1034 2517 1187 2605 haustus,

409 2633 571 2702 Fastidire
586 2633 694 2718 lacus,
707 2647 739 2700 et
755 2634 843 2701 rivos
857 2656 956 2700 ausus
969 2632 1123 2726 apertos?

408 2751 455 2816 Ut
469 2746 577 2815 valet?
590 2749 638 2815 Ut
651 2746 803 2814 meminit
817 2745 944 2813 nostri?
957 2749 983 2814 F
985 2746 1136 2816 idibusne
1150 2749 1281 2815 Latinis

408 2860 584 2929 Thebanos
597 2876 711 2954 aptare
724 2860 841 2928 modos
855 2860 982 2946 studet,
995 2862 1128 2954 auspice
1141 2860 1261 2929 Musa?

411 2977 462 3044 An
477 2976 603 3069 tragica
616 2974 748 3044 desevit
762 2989 795 3043 et
808 2973 1011 3068 ampullatur
1026 2975 1060 3043 in
1073 2974 1165 3044 arte?

409 3087 501 3176 Quid
509 3086 963 3181 mihiCelsusagitlmonitus
973 3086 1179 3183 multumque
1187 3088 1393 3170 monendus,

409 3202 556 3270 Privatus
570 3217 608 3270 ut
621 3216 746 3296 quaerat
759 3225 855 3294 opes,
868 3215 901 3268 et
914 3215 1049 3295 tangere
1062 3203 1141 3271 vitet

408 3314 554 3407 Scripta,
566 3314 735 3384 Palatinus
750 3337 965 3408 quaecumque
979 3316 1100 3408 recepit
1114 3315 1250 3408 Apoll03

408 3428 476 3514 Ne,
490 3428 517 3495 si
532 3427 617 3495 forte
631 3449 706 3496 suas
721 3428 896 3521 repetitum
909 3429 1036 3496 venerit
1050 3427 1129 3495 olim

409 3541 500 3607 Grex
513 3540 624 3607 avium
638 3540 785 3634 plumas,
800 3553 931 3609 moveat
945 3540 1114 3610 cornicula
1128 3543 1230 3610 risum

409 3654 553 3721 Furtivis
568 3653 692 3722 nudata
705 3654 882 3724 coloribus.
897 3658 972 3748 Ipse
985 3655 1068 3748 quid
1081 3655 1204 3724 audes?

409 3768 493 3854 Quae
505 3767 748 3838 circumvolitas
763 3769 859 3863 agilis
874 3769 1009 3863 thyma?
1022 3772 1097 3840 Non
1113 3770 1173 3838 tibi
1189 3794 1327 3863 parvum

409 3880 603 3972 ingenium,
618 3906 685 3949 non
700 3881 862 3950 incultum
876 3896 942 3968 est,
956 3907 1016 3950 nec
1031 3883 1173 3976 turpiter
1186 3882 1322 3950 hirtum.

408 3995 472 4061 Seu
488 3990 636 4084 linguam
651 3996 758 4063 causis
772 3997 880 4079 acuis,
894 4020 951 4063 seu
966 3995 1069 4064 civica
1078 3996 1155 4087 jura
