3325 5342
420 639 713 708 CARMINUM
745 639 901 708 LIBER
931 640 995 706 IV.

359 770 452 840 Olim
464 769 617 863 juventas
629 783 663 837 et
676 770 803 860 patrius
815 770 911 863 vigor

361 884 451 955 Nido
466 883 618 953 labomm
633 882 780 977 propulit
795 883 952 970 inscium,

409 1000 596 1093 Vemique‚
607 999 677 1091 jam
691 999 813 1069 nimbis
828 1001 977 1084 remotis,

458 1113 613 1182 insolitos
628 1114 770 1183 docuere
785 1116 875 1181 nisus
946 1127 948 1134 ’

362 1367 462 1434 Venti
476 1378 668 1460 paventem
681 1390 758 1432 mox
774 1365 807 1432 in
821 1364 921 1433 ovilia

362 1479 504 1549 Demisit
519 1479 647 1548 hostem
662 1476 792 1546 vividus
807 1479 964 1572 impetum

410 1595 507 1663 Nunc
522 1593 556 1660 in
572 1590 770 1661 reluctantes
784 1590 943 1661 dracones

458 1706 535 1799 Egit
548 1729 644 1774 amor
658 1704 752 1798 dapis
766 1718 866 1797 atque
880 1709 1013 1798 pugnae:

364 1955 544 2045 Qualemve
558 1955 640 2024 laetis
653 1979 772 2049 caprea
785 1956 916 2049 pascuis

365 2073 512 2156 lntenta,
526 2068 622 2138 fulvae
637 2069 752 2136 matris
767 2068 808 2136 ab
823 2068 924 2136 ubere

412 2186 484 2252 lam
498 2183 581 2253 lacte
596 2181 770 2277 depulsum
786 2182 932 2269 leonem,

460 2300 570 2366 Dente
584 2322 669 2365 novo
685 2296 849 2389 peritura,
863 2295 961 2364 vidit:

365 2547 488 2617 Videre
502 2547 626 2615 Rhaetis
638 2546 723 2614 bella
738 2548 799 2615 sub
814 2546 955 2641 Alpibus

366 2663 515 2728 Drusum
531 2673 698 2753 gerentem
711 2657 895 2746 Vindelici,
909 2662 1028 2756 quibus

412 2776 488 2842 Mos
503 2773 591 2842 unde
605 2773 764 2843 deductus
777 2799 837 2867 per
850 2799 948 2845 omne

459 2891 603 2980 Tempus
618 2888 799 2955 Amazonia
814 2889 919 2956 securi

364 3137 505 3202 Dextras
519 3132 686 3217 obarmet,
700 3155 846 3223 quaerere
859 3132 989 3220 distuli,

365 3249 434 3317 Nec
448 3246 530 3313 scire
545 3244 593 3312 las
607 3259 657 3312 est
670 3247 799 3333 omnia3
813 3247 869 3315 sed
884 3248 941 3316 diu

413 3362 559 3452 Lateqne
572 3358 722 3426 victrioes
735 3374 889 3449 caterva,
929 3373 932 3380 ’

458 3471 614 3541 Consiliis
624 3471 755 3562 juvenis
769 3476 914 3560 revictae,

364 3719 499 3784 Sensere
512 3712 593 3806 quid
606 3739 700 3783 mens
714 3715 793 3800 rite,
806 3716 887 3809 quid
902 3717 1027 3787 indoles

364 3828 497 3898 Nutrita
511 3828 625 3896 faustis
638 3829 700 3898 sub
714 3830 936 3923 penetralibus
1012 3817 1016 3822 .

412 3945 541 4025 Posset,
554 3942 635 4035 quid
648 3944 789 4037 Augusti
803 3959 960 4037 paternus

459 4057 498 4121 ln
513 4045 631 4147 pueros
644 4056 774 4124 animus
787 4058 944 4126 Nerones.

1132 662 1198 732 129
