3325 5342
243 746 265 776 v·
285 727 317 773 ⁵³
409 722 722 789 SATIRARUM
753 721 911 787 LIBER
943 721 992 785 ll.
1025 717 1057 786 6.
1157 717 1219 788 251

243 852 416 947 Numquid
430 851 471 919 de
483 850 584 919 Dacis
598 848 743 918 audisti?
754 849 865 921 -Nil
879 849 1101 944 equidem—
1110 852 1158 918 Ut
1171 864 1207 917 tu

244 972 379 1060 Semper
392 965 458 1033 eris
473 959 618 1031 derisor!
632 1002 682 1016 -·-
696 964 740 1031 At
753 986 869 1031 omnes
881 964 927 1030 Di
940 964 1108 1057 exagitent
1120 986 1192 1047 me,

245 1081 279 1149 Si
294 1079 485 1173 quidquam.
500 1114 548 1130 -··
560 1074 676 1165 Quid?
690 1074 852 1145 militibus
864 1078 1027 1171 promissa
1040 1076 1216 1169 Triquetra

246 1192 512 1276 praeliamur,
526 1213 568 1258 an
582 1202 631 1257 est
644 1186 729 1256 Itala
743 1186 861 1258 tellure
875 1188 1091 1259 daturus?-

247 1310 418 1375 Jurantem
432 1328 485 1373 me
499 1304 582 1372 scire
596 1301 678 1370 nibil
694 1301 859 1371 mirantur
873 1319 910 1372 ut
923 1326 1029 1373 unum

247 1418 379 1488 Scilicet
391 1419 514 1513 egregii
530 1415 704 1486 mortalem
718 1414 843 1510 altique
857 1416 974 1485 silenti.

248 1532 402 1602 Perditur
414 1533 483 1602 brec
497 1533 719 1602 intermisero
734 1530 809 1617 lux,
823 1556 890 1599 non
904 1533 975 1600 siue
987 1534 1090 1600 votis:

249 1649 280 1716 Ο
294 1671 368 1733 rus,
379 1646 514 1740 mando
527 1667 592 1740 ego
605 1661 638 1713 te
652 1643 856 1737 adspiciam?
870 1645 1069 1739 quandoque
1083 1644 1214 1728 licebit,

248 1763 347 1831 Nunc
360 1774 507 1830 veterum
523 1758 636 1846 libris,
650 1783 740 1828 nnnc
753 1782 871 1827 somno
885 1775 918 1827 et
932 1760 1094 1829 inertibus
1108 1760 1199 1827 horis

249 1878 378 1945 Ducere
391 1874 538 1945 sollicita
549 1873 698 1969 jucunda
712 1873 836 1943 oblivia
848 1874 947 1943 vitre?

250 1993 282 2058 Ο
296 1989 429 2083 quando
443 1988 517 2057 laba
531 1989 727 2083 Pythagorae
739 2002 902 2083 cognata,
915 1987 1079 2083 simulque

251 2106 362 2171 Uncta
375 2104 453 2171 satis
466 2102 583 2196 pingui
599 2116 767 2196 ponentur
781 2101 931 2170 oluscula
947 2101 1063 2170 lardo?

252 2221 284 2284 Ο
298 2231 410 2285 noctes
422 2240 588 2310 coenaque
600 2213 727 2285 Deund
744 2216 867 2309 quibus
882 2217 969 2310 ipse,
983 2217 1131 2309 meique,

253 2333 337 2399 Ante
351 2330 452 2399 larem
467 2330 642 2424 proprium
656 2351 788 2417 vescor,
801 2354 985 2423 vernasque
998 2354 1153 2423 procaces

253 2448 355 2513 Pasoo
368 2442 479 2513 libatis
493 2443 646 2538 dapibus.
660 2447 766 2514 Pmut
779 2444 900 2538 cuique
914 2442 1018 2513 libido
1032 2459 1099 2529 est,

253 2559 361 2627 Sicmt
374 2557 550 2651 inaequales
563 2555 681 2627 culices
694 2560 852 2641 conviva,
864 2557 993 2628 solutus

254 2671 400 2765 Legibus
414 2672 557 2757 insanis,
570 2696 628 2740 seu
642 2672 717 2764 quis
731 2672 820 2766 capit
833 2673 922 2741 aeria
937 2672 1032 2740 fortis

256 2783 396 2871 Pocula,
410 2810 466 2854 seu
480 2784 621 2854 modicis
634 2787 761 2855 uvescit
774 2784 890 2855 laetius.
905 2788 996 2881 Ergo

256 2902 370 2968 Sermo
384 2900 493 2968 oritur
507 2924 575 2968 non
591 2899 632 2968 de
645 2898 734 2969 villis
748 2899 944 2969 domibusve
958 2899 1093 2984 alienis,

256 3012 438 3098 Nec‚male
450 3037 554 3083 necne
568 3012 805 3108 Lepos'saltet3
816 3014 890 3099 sed,
900 3013 991 3108 quod
1005 3013 1111 3107 magis
1125 3010 1168 3078 ad
1183 3034 1241 3078 nos

259 3124 424 3209 Pertinet,
437 3140 470 3193 et
482 3126 609 3195 nescire
624 3124 749 3195 malum
764 3141 832 3213 est,
845 3128 1026 3222 agitamus:
1042 3139 1199 3192 utrumne

259 3238 394 3306 Divitiis
407 3238 576 3324 homines,
589 3265 631 3308 an
646 3241 713 3309 sint
726 3242 850 3311 virtute
864 3240 975 3310 beati?

260 3351 394 3440 Quidve
407 3351 451 3419 ad
464 3354 643 3441 amicitias,
657 3379 736 3424 usus
751 3371 939 3441 rectumne,
953 3355 1063 3423 trahat
1077 3351 1160 3421 nos?

262 3467 303 3533 Et
317 3490 390 3559 quae
405 3466 449 3535 sit
461 3482 581 3535 natura
594 3468 697 3536 boni?
711 3493 945 3563 summumque
958 3469 1040 3562 quid
1053 3467 1146 3560 ejus?

262 3581 401 3649 Cervius
415 3580 485 3649 haec
500 3581 586 3649 inter
599 3583 728 3652 vicinus
743 3584 847 3678 garrit
860 3581 964 3651 aniles

262 3695 311 3761 Ex
325 3719 361 3762 re
374 3693 519 3763 fabellas.
534 3696 569 3763 Si
583 3698 748 3789 quisnam
764 3696 878 3765 laudat
891 3694 993 3765 Arelli

262 3805 426 3876 Sollicitas
440 3808 577 3902 ignarus
591 3834 689 3902 opes,
703 3811 749 3879 sic
765 3810 899 3903 incipit:
914 3807 1006 3879 Olim

264 3921 418 3991 Rusticus
432 3922 600 3991 urbanum
615 3948 745 3993 murem
759 3948 834 3993 mus
848 3946 994 4017 paupere
1008 3921 1113 3989 fertur

265 4035 437 4127 Accepisse
448 4059 549 4121 cavo,
561 4050 705 4105 veterem
720 4051 814 4105 vetus
828 4036 948 4128 hospes
960 4034 1126 4117 amicum,

265 4149 384 4238 Asper,
398 4163 431 4217 et
444 4162 592 4217 attentus
604 4150 768 4241 quaesitis,
782 4164 819 4217 ut
835 4165 944 4217 tamen
959 4162 1091 4216 arctum
