<?xml version="1.0" encoding="UTF-8"?>
<!DOCTYPE html PUBLIC "-//W3C//DTD XHTML 1.0 Transitional//EN"
    "http://www.w3.org/TR/xhtml1/DTD/xhtml1-transitional.dtd">
<html xmlns="http://www.w3.org/1999/xhtml" xml:lang="en" lang="en">
 <head>
  <title>
</title>
<meta http-equiv="Content-Type" content="text/html;charset=utf-8" />
  <meta name='ocr-system' content='tesseract 3.04.00' />
  <meta name='ocr-capabilities' content='ocr_page ocr_carea ocr_par ocr_line ocrx_word'/>
</head>
<body>
  <div class='ocr_page' id='page_1' title='image "./quintushoratius00didogoog_0201.png"; bbox 0 0 3325 5342; ppageno 0'>
   <div class='ocr_carea' id='block_1_1' title="bbox 594 706 1285 807">
    <p class='ocr_par' dir='ltr' id='par_1_1' title="bbox 594 706 1285 807">
     <span class='ocr_line' id='line_1_1' title="bbox 594 706 1285 807; baseline 0.006 -30"><span class='ocrx_word' id='word_1_1' title='bbox 594 712 809 779; x_wconf 88' lang='lat' dir='ltr'><strong>EPODON</strong></span> <span class='ocrx_word' id='word_1_2' title='bbox 841 706 1007 780; x_wconf 83' lang='lat' dir='ltr'><strong>LIBER.</strong></span> <span class='ocrx_word' id='word_1_3' title='bbox 1228 738 1285 807; x_wconf 80' lang='lat'>¹7¹</span> 
     </span>
    </p>
   </div>
   <div class='ocr_carea' id='block_1_2' title="bbox 308 954 1289 982">
    <p class='ocr_par' dir='ltr' id='par_1_2' title="bbox 308 954 1289 982">
     <span class='ocr_line' id='line_1_2' title="bbox 308 954 1289 982; baseline 0.008 -8"><span class='ocrx_word' id='word_1_4' title='bbox 308 954 1289 982; x_wconf 52' lang='grc' dir='ltr'>ΜΜΜὶἊΜΜΜΜδἊἉὌΜΜἏὶΜἈ</span> 
     </span>
    </p>
   </div>
   <div class='ocr_carea' id='block_1_3' title="bbox 635 1154 966 1243">
    <p class='ocr_par' dir='ltr' id='par_1_3' title="bbox 635 1154 966 1243">
     <span class='ocr_line' id='line_1_3' title="bbox 635 1154 966 1243; baseline 0.003 -4"><span class='ocrx_word' id='word_1_5' title='bbox 635 1154 778 1240; x_wconf 90' lang='lat' dir='ltr'>ODE</span> <span class='ocrx_word' id='word_1_6' title='bbox 820 1157 966 1243; x_wconf 87' lang='lat' dir='ltr'><strong>XVI.</strong></span> 
     </span>
    </p>
   </div>
   <div class='ocr_carea' id='block_1_4' title="bbox 507 1407 1097 1468">
    <p class='ocr_par' dir='ltr' id='par_1_4' title="bbox 507 1407 1097 1468">
     <span class='ocr_line' id='line_1_4' title="bbox 507 1407 1097 1468; baseline 0.003 -4"><span class='ocrx_word' id='word_1_7' title='bbox 507 1409 568 1464; x_wconf 77' lang='lat' dir='ltr'>AD</span> <span class='ocrx_word' id='word_1_8' title='bbox 595 1407 820 1463; x_wconf 83' lang='lat' dir='ltr'>POPULUM</span> <span class='ocrx_word' id='word_1_9' title='bbox 847 1410 1097 1468; x_wconf 80' lang='lat' dir='ltr'><strong>ROMANUM.</strong></span> 
     </span>
    </p>
   </div>
   <div class='ocr_carea' id='block_1_5' title="bbox 237 1626 1280 4211">
    <p class='ocr_par' dir='ltr' id='par_1_5' title="bbox 311 1626 1050 1835">
     <span class='ocr_line' id='line_1_5' title="bbox 311 1626 1050 1723; baseline -0.001 -22"><span class='ocrx_word' id='word_1_10' title='bbox 311 1635 451 1701; x_wconf 69' lang='lat' dir='ltr'>Aurum</span> <span class='ocrx_word' id='word_1_11' title='bbox 461 1631 530 1723; x_wconf 89' lang='lat' dir='ltr'>jam</span> <span class='ocrx_word' id='word_1_12' title='bbox 546 1631 666 1698; x_wconf 90' lang='lat' dir='ltr'>teritur</span> <span class='ocrx_word' id='word_1_13' title='bbox 679 1626 775 1697; x_wconf 86' lang='lat' dir='ltr'>bellis</span> <span class='ocrx_word' id='word_1_14' title='bbox 789 1629 942 1698; x_wconf 76' lang='lat' dir='ltr'>civilibus</span> <span class='ocrx_word' id='word_1_15' title='bbox 955 1645 1050 1716; x_wconf 69' lang='lat' dir='ltr'>aetas,</span> 
     </span>
     <span class='ocr_line' id='line_1_6' title="bbox 358 1740 915 1835; baseline -0.007 -22"><span class='ocrx_word' id='word_1_16' title='bbox 358 1744 433 1813; x_wconf 88' lang='lat' dir='ltr'>Suis</span> <span class='ocrx_word' id='word_1_17' title='bbox 445 1757 477 1811; x_wconf 91' lang='lat' dir='ltr'>et</span> <span class='ocrx_word' id='word_1_18' title='bbox 492 1743 562 1835; x_wconf 89' lang='lat' dir='ltr'>ipsa</span> <span class='ocrx_word' id='word_1_19' title='bbox 576 1745 684 1810; x_wconf 89' lang='lat' dir='ltr'>Roma</span> <span class='ocrx_word' id='word_1_20' title='bbox 698 1740 824 1809; x_wconf 89' lang='lat' dir='ltr'>viribus</span> <span class='ocrx_word' id='word_1_21' title='bbox 839 1741 915 1810; x_wconf 82' lang='lat' dir='ltr'>ruit</span> 
     </span>
    </p>

    <p class='ocr_par' dir='ltr' id='par_1_6' title="bbox 311 1853 1164 2055">
     <span class='ocr_line' id='line_1_7' title="bbox 311 1853 1164 1950; baseline 0.001 -25"><span class='ocrx_word' id='word_1_22' title='bbox 311 1860 420 1945; x_wconf 86' lang='lat' dir='ltr'>Quam</span> <span class='ocrx_word' id='word_1_23' title='bbox 435 1881 541 1950; x_wconf 88' lang='lat' dir='ltr'>neque</span> <span class='ocrx_word' id='word_1_24' title='bbox 555 1854 689 1923; x_wconf 87' lang='lat' dir='ltr'>finitimi</span> <span class='ocrx_word' id='word_1_25' title='bbox 704 1853 879 1924; x_wconf 85' lang='lat' dir='ltr'>valuerunt</span> <span class='ocrx_word' id='word_1_26' title='bbox 892 1856 1030 1948; x_wconf 82' lang='lat' dir='ltr'><strong>perdere</strong></span> <span class='ocrx_word' id='word_1_27' title='bbox 1042 1860 1164 1944; x_wconf 89' lang='lat' dir='ltr'>Marsi,</span> 
     </span>
     <span class='ocr_line' id='line_1_8' title="bbox 358 1971 1042 2055; baseline 0 -17"><span class='ocrx_word' id='word_1_28' title='bbox 358 1971 501 2039; x_wconf 88' lang='lat' dir='ltr'>Minacis</span> <span class='ocrx_word' id='word_1_29' title='bbox 514 1983 573 2038; x_wconf 91' lang='lat' dir='ltr'>aut</span> <span class='ocrx_word' id='word_1_30' title='bbox 585 1971 724 2038; x_wconf 89' lang='lat' dir='ltr'>Etrusca</span> <span class='ocrx_word' id='word_1_31' title='bbox 738 1972 891 2037; x_wconf 80' lang='lat' dir='ltr'>Porsenae</span> <span class='ocrx_word' id='word_1_32' title='bbox 905 1993 1042 2055; x_wconf 88' lang='lat' dir='ltr'>manus,</span> 
     </span>
    </p>

    <p class='ocr_par' dir='ltr' id='par_1_7' title="bbox 312 2081 1154 2290">
     <span class='ocr_line' id='line_1_9' title="bbox 312 2081 1154 2175; baseline 0 -23"><span class='ocrx_word' id='word_1_33' title='bbox 312 2081 442 2153; x_wconf 81' lang='lat' dir='ltr'>AEmula</span> <span class='ocrx_word' id='word_1_34' title='bbox 452 2107 512 2150; x_wconf 87' lang='lat' dir='ltr'>nec</span> <span class='ocrx_word' id='word_1_35' title='bbox 524 2083 630 2151; x_wconf 85' lang='lat' dir='ltr'>virtus</span> <span class='ocrx_word' id='word_1_36' title='bbox 644 2085 784 2175; x_wconf 83' lang='lat' dir='ltr'>Capuae,</span> <span class='ocrx_word' id='word_1_37' title='bbox 798 2106 859 2150; x_wconf 87' lang='lat' dir='ltr'>nec</span> <span class='ocrx_word' id='word_1_38' title='bbox 871 2084 1048 2175; x_wconf 79' lang='lat' dir='ltr'>Spartacus</span> <span class='ocrx_word' id='word_1_39' title='bbox 1063 2109 1154 2169; x_wconf 83' lang='lat' dir='ltr'>acer,</span> 
     </span>
     <span class='ocr_line' id='line_1_10' title="bbox 359 2193 988 2290; baseline -0.005 -23"><span class='ocrx_word' id='word_1_40' title='bbox 359 2197 527 2290; x_wconf 85' lang='lat' dir='ltr'>Novisque</span> <span class='ocrx_word' id='word_1_41' title='bbox 541 2197 638 2266; x_wconf 90' lang='lat' dir='ltr'>rebus</span> <span class='ocrx_word' id='word_1_42' title='bbox 653 2195 796 2265; x_wconf 82' lang='lat' dir='ltr'>infidelis</span> <span class='ocrx_word' id='word_1_43' title='bbox 809 2193 988 2281; x_wconf 81' lang='lat' dir='ltr'>Allobrox;</span> 
     </span>
    </p>

    <p class='ocr_par' dir='ltr' id='par_1_8' title="bbox 312 2308 1077 2517">
     <span class='ocr_line' id='line_1_11' title="bbox 312 2308 1077 2402; baseline -0.001 -23"><span class='ocrx_word' id='word_1_44' title='bbox 312 2311 381 2379; x_wconf 84' lang='lat' dir='ltr'>Nec</span> <span class='ocrx_word' id='word_1_45' title='bbox 394 2309 464 2379; x_wconf 81' lang='lat' dir='ltr'>fera</span> <span class='ocrx_word' id='word_1_46' title='bbox 478 2308 620 2380; x_wconf 87' lang='lat' dir='ltr'>coerulea</span> <span class='ocrx_word' id='word_1_47' title='bbox 634 2310 764 2380; x_wconf 82' lang='lat' dir='ltr'>domuit</span> <span class='ocrx_word' id='word_1_48' title='bbox 777 2308 958 2380; x_wconf 80' lang='lat' dir='ltr'>Germania</span> <span class='ocrx_word' id='word_1_49' title='bbox 971 2310 1077 2402; x_wconf 86' lang='lat' dir='ltr'><strong>pube,</strong></span> 
     </span>
     <span class='ocr_line' id='line_1_12' title="bbox 359 2422 1045 2517; baseline -0.003 -25"><span class='ocrx_word' id='word_1_50' title='bbox 359 2425 621 2517; x_wconf 86' lang='lat' dir='ltr'>Parentibusque</span> <span class='ocrx_word' id='word_1_51' title='bbox 634 2425 846 2493; x_wconf 89' lang='lat' dir='ltr'>abominatus</span> <span class='ocrx_word' id='word_1_52' title='bbox 859 2422 1045 2508; x_wconf 80' lang='lat' dir='ltr'>Hannibal,</span> 
     </span>
    </p>

    <p class='ocr_par' dir='ltr' id='par_1_9' title="bbox 313 2536 1032 2745">
     <span class='ocr_line' id='line_1_13' title="bbox 313 2536 1032 2631; baseline 0.004 -29"><span class='ocrx_word' id='word_1_53' title='bbox 313 2537 420 2630; x_wconf 88' lang='lat' dir='ltr'>Impia</span> <span class='ocrx_word' id='word_1_54' title='bbox 434 2538 609 2631; x_wconf 85' lang='lat' dir='ltr'>perdemus</span> <span class='ocrx_word' id='word_1_55' title='bbox 625 2536 735 2606; x_wconf 88' lang='lat' dir='ltr'>devoti</span> <span class='ocrx_word' id='word_1_56' title='bbox 751 2537 925 2631; x_wconf 84' lang='lat' dir='ltr'>sanguinis</span> <span class='ocrx_word' id='word_1_57' title='bbox 937 2550 1032 2621; x_wconf 75' lang='lat' dir='ltr'>aetas,</span> 
     </span>
     <span class='ocr_line' id='line_1_14' title="bbox 361 2649 1010 2745; baseline -0.002 -27"><span class='ocrx_word' id='word_1_58' title='bbox 361 2652 517 2745; x_wconf 85' lang='lat' dir='ltr'>Ferisque</span> <span class='ocrx_word' id='word_1_59' title='bbox 531 2676 646 2720; x_wconf 89' lang='lat' dir='ltr'>rursus</span> <span class='ocrx_word' id='word_1_60' title='bbox 660 2649 880 2743; x_wconf 82' lang='lat' dir='ltr'>occupabitur</span> <span class='ocrx_word' id='word_1_61' title='bbox 893 2649 1010 2719; x_wconf 87' lang='lat' dir='ltr'>solum.</span> 
     </span>
    </p>

    <p class='ocr_par' dir='ltr' id='par_1_10' title="bbox 237 2740 1195 2973">
     <span class='ocr_line' id='line_1_15' title="bbox 237 2740 1195 2849; baseline 0 -18"><span class='ocrx_word' id='word_1_62' title='bbox 237 2740 243 2759; x_wconf 64' lang='grc'><em>’</em></span> <span class='ocrx_word' id='word_1_63' title='bbox 312 2760 495 2849; x_wconf 75' lang='lat' dir='ltr'>Barbarus,</span> <span class='ocrx_word' id='word_1_64' title='bbox 509 2760 590 2832; x_wconf 85' lang='lat' dir='ltr'>heu!</span> <span class='ocrx_word' id='word_1_65' title='bbox 607 2765 733 2833; x_wconf 87' lang='lat' dir='ltr'>cineres</span> <span class='ocrx_word' id='word_1_66' title='bbox 748 2763 876 2833; x_wconf 81' lang='lat' dir='ltr'>insistet</span> <span class='ocrx_word' id='word_1_67' title='bbox 889 2764 1011 2849; x_wconf 88' lang='lat' dir='ltr'>victor,</span> <span class='ocrx_word' id='word_1_68' title='bbox 1024 2778 1056 2832; x_wconf 88' lang='lat' dir='ltr'>et</span> <span class='ocrx_word' id='word_1_69' title='bbox 1070 2762 1195 2833; x_wconf 86' lang='lat' dir='ltr'><strong>Urbem</strong></span> 
     </span>
     <span class='ocr_line' id='line_1_16' title="bbox 359 2877 982 2973; baseline -0.003 -26"><span class='ocrx_word' id='word_1_70' title='bbox 359 2879 468 2970; x_wconf 80' lang='lat' dir='ltr'>Eques</span> <span class='ocrx_word' id='word_1_71' title='bbox 481 2892 620 2946; x_wconf 89' lang='lat' dir='ltr'>sonante</span> <span class='ocrx_word' id='word_1_72' title='bbox 634 2878 824 2946; x_wconf 81' lang='lat' dir='ltr'>verberabit</span> <span class='ocrx_word' id='word_1_73' title='bbox 837 2877 982 2973; x_wconf 83' lang='lat' dir='ltr'>ungula3</span> 
     </span>
    </p>

    <p class='ocr_par' dir='ltr' id='par_1_11' title="bbox 314 2989 1169 3197">
     <span class='ocr_line' id='line_1_17' title="bbox 314 2989 1169 3083; baseline -0.001 -25"><span class='ocrx_word' id='word_1_74' title='bbox 314 2989 462 3083; x_wconf 71' lang='lat' dir='ltr'>Quaeque</span> <span class='ocrx_word' id='word_1_75' title='bbox 475 3005 588 3059; x_wconf 85' lang='lat' dir='ltr'>carent</span> <span class='ocrx_word' id='word_1_76' title='bbox 602 2991 710 3059; x_wconf 84' lang='lat' dir='ltr'>ventis</span> <span class='ocrx_word' id='word_1_77' title='bbox 723 3004 756 3059; x_wconf 91' lang='lat' dir='ltr'>et</span> <span class='ocrx_word' id='word_1_78' title='bbox 769 2989 913 3076; x_wconf 87' lang='lat' dir='ltr'>solibus,</span> <span class='ocrx_word' id='word_1_79' title='bbox 926 3015 999 3060; x_wconf 88' lang='lat' dir='ltr'>ossa</span> <span class='ocrx_word' id='word_1_80' title='bbox 1013 2992 1147 3080; x_wconf 88' lang='lat' dir='ltr'>Quirini</span> <span class='ocrx_word' id='word_1_81' title='bbox 1160 3042 1169 3074; x_wconf 92' lang='lat'>,</span> 
     </span>
     <span class='ocr_line' id='line_1_18' title="bbox 366 3099 965 3197; baseline 0.002 -25"><span class='ocrx_word' id='word_1_82' title='bbox 366 3101 466 3172; x_wconf 86' lang='lat' dir='ltr'>Nefas</span> <span class='ocrx_word' id='word_1_83' title='bbox 479 3099 606 3171; x_wconf 90' lang='lat' dir='ltr'>videre!</span> <span class='ocrx_word' id='word_1_84' title='bbox 623 3103 797 3197; x_wconf 88' lang='lat' dir='ltr'>dissipabit</span> <span class='ocrx_word' id='word_1_85' title='bbox 812 3103 965 3174; x_wconf 82' lang='lat' dir='ltr'>insolens.</span> 
     </span>
    </p>

    <p class='ocr_par' dir='ltr' id='par_1_12' title="bbox 320 3214 1268 3420">
     <span class='ocr_line' id='line_1_19' title="bbox 320 3214 1268 3308; baseline -0.001 -26"><span class='ocrx_word' id='word_1_86' title='bbox 320 3218 435 3299; x_wconf 87' lang='lat' dir='ltr'>Forte,</span> <span class='ocrx_word' id='word_1_87' title='bbox 448 3215 530 3308; x_wconf 90' lang='lat' dir='ltr'>quid</span> <span class='ocrx_word' id='word_1_88' title='bbox 543 3216 711 3308; x_wconf 85' lang='lat' dir='ltr'>expediat,</span> <span class='ocrx_word' id='word_1_89' title='bbox 725 3219 963 3299; x_wconf 80' lang='lat' dir='ltr'>communiter,</span> <span class='ocrx_word' id='word_1_90' title='bbox 976 3232 1033 3285; x_wconf 90' lang='lat' dir='ltr'>aut</span> <span class='ocrx_word' id='word_1_91' title='bbox 1046 3214 1163 3284; x_wconf 87' lang='lat' dir='ltr'>melior</span> <span class='ocrx_word' id='word_1_92' title='bbox 1177 3238 1268 3306; x_wconf 86' lang='lat' dir='ltr'>pars,</span> 
     </span>
     <span class='ocr_line' id='line_1_20' title="bbox 368 3324 943 3420; baseline 0.005 -24"><span class='ocrx_word' id='word_1_93' title='bbox 368 3324 468 3396; x_wconf 86' lang='lat' dir='ltr'>Malis</span> <span class='ocrx_word' id='word_1_94' title='bbox 481 3351 593 3396; x_wconf 88' lang='lat' dir='ltr'>carere</span> <span class='ocrx_word' id='word_1_95' title='bbox 605 3329 751 3420; x_wconf 75' lang='lat' dir='ltr'>quaeritis</span> <span class='ocrx_word' id='word_1_96' title='bbox 765 3328 943 3399; x_wconf 88' lang='lat' dir='ltr'>laboribus.</span> 
     </span>
    </p>

    <p class='ocr_par' dir='ltr' id='par_1_13' title="bbox 321 3437 1096 3648">
     <span class='ocr_line' id='line_1_21' title="bbox 321 3437 1096 3534; baseline -0.001 -24"><span class='ocrx_word' id='word_1_97' title='bbox 321 3437 421 3510; x_wconf 83' lang='lat' dir='ltr'>Nulla</span> <span class='ocrx_word' id='word_1_98' title='bbox 435 3440 477 3508; x_wconf 89' lang='lat' dir='ltr'>sit</span> <span class='ocrx_word' id='word_1_99' title='bbox 490 3439 552 3509; x_wconf 89' lang='lat' dir='ltr'>hac</span> <span class='ocrx_word' id='word_1_100' title='bbox 565 3441 676 3534; x_wconf 87' lang='lat' dir='ltr'>potior</span> <span class='ocrx_word' id='word_1_101' title='bbox 689 3444 869 3529; x_wconf 86' lang='lat' dir='ltr'>sententia,</span> <span class='ocrx_word' id='word_1_102' title='bbox 882 3443 1096 3511; x_wconf 78' lang='lat' dir='ltr'>Phocaeorum</span> 
     </span>
     <span class='ocr_line' id='line_1_22' title="bbox 368 3550 941 3648; baseline 0.007 -28"><span class='ocrx_word' id='word_1_103' title='bbox 368 3550 469 3621; x_wconf 86' lang='lat' dir='ltr'>Velut</span> <span class='ocrx_word' id='word_1_104' title='bbox 483 3553 631 3648; x_wconf 81' lang='lat' dir='ltr'>profugit</span> <span class='ocrx_word' id='word_1_105' title='bbox 644 3570 813 3625; x_wconf 82' lang='lat' dir='ltr'>exsecrata</span> <span class='ocrx_word' id='word_1_106' title='bbox 826 3556 941 3624; x_wconf 90' lang='lat' dir='ltr'>civitas</span> 
     </span>
    </p>

    <p class='ocr_par' dir='ltr' id='par_1_14' title="bbox 323 3663 1187 3875">
     <span class='ocr_line' id='line_1_23' title="bbox 323 3663 1187 3763; baseline -0.003 -30"><span class='ocrx_word' id='word_1_107' title='bbox 323 3667 427 3758; x_wconf 81' lang='lat' dir='ltr'>Agros</span> <span class='ocrx_word' id='word_1_108' title='bbox 440 3681 539 3759; x_wconf 85' lang='lat' dir='ltr'>atquo</span> <span class='ocrx_word' id='word_1_109' title='bbox 552 3670 654 3737; x_wconf 85' lang='lat' dir='ltr'>Lares</span> <span class='ocrx_word' id='word_1_110' title='bbox 667 3669 840 3763; x_wconf 85' lang='lat' dir='ltr'>proprios,</span> <span class='ocrx_word' id='word_1_111' title='bbox 853 3667 1099 3759; x_wconf 86' lang='lat' dir='ltr'>habitandaque</span> <span class='ocrx_word' id='word_1_112' title='bbox 1112 3663 1187 3732; x_wconf 90' lang='lat' dir='ltr'>sana</span> 
     </span>
     <span class='ocr_line' id='line_1_24' title="bbox 368 3779 970 3875; baseline 0.005 -28"><span class='ocrx_word' id='word_1_113' title='bbox 368 3780 466 3872; x_wconf 80' lang='lat' dir='ltr'>Apris</span> <span class='ocrx_word' id='word_1_114' title='bbox 480 3779 614 3875; x_wconf 82' lang='lat' dir='ltr'>reliquit</span> <span class='ocrx_word' id='word_1_115' title='bbox 628 3796 661 3851; x_wconf 91' lang='lat' dir='ltr'>et</span> <span class='ocrx_word' id='word_1_116' title='bbox 675 3782 850 3875; x_wconf 89' lang='lat' dir='ltr'>rapacibus</span> <span class='ocrx_word' id='word_1_117' title='bbox 864 3780 970 3875; x_wconf 91' lang='lat' dir='ltr'>lupis,</span> 
     </span>
    </p>

    <p class='ocr_par' dir='ltr' id='par_1_15' title="bbox 323 3889 1280 4100">
     <span class='ocr_line' id='line_1_25' title="bbox 323 3889 1280 3989; baseline -0.001 -32"><span class='ocrx_word' id='word_1_118' title='bbox 323 3893 391 3977; x_wconf 86' lang='lat' dir='ltr'>Ire,</span> <span class='ocrx_word' id='word_1_119' title='bbox 403 3892 503 3985; x_wconf 90' lang='lat' dir='ltr'>pedes</span> <span class='ocrx_word' id='word_1_120' title='bbox 516 3919 727 3989; x_wconf 90' lang='lat' dir='ltr'>quocumque</span> <span class='ocrx_word' id='word_1_121' title='bbox 741 3895 865 3981; x_wconf 84' lang='lat' dir='ltr'>serent,</span> <span class='ocrx_word' id='word_1_122' title='bbox 877 3916 1088 3989; x_wconf 87' lang='lat' dir='ltr'>quocumque</span> <span class='ocrx_word' id='word_1_123' title='bbox 1102 3916 1161 3984; x_wconf 84' lang='lat' dir='ltr'>per</span> <span class='ocrx_word' id='word_1_124' title='bbox 1174 3889 1280 3958; x_wconf 87' lang='lat' dir='ltr'>undas</span> 
     </span>
     <span class='ocr_line' id='line_1_26' title="bbox 369 4006 1052 4100; baseline -0.003 -26"><span class='ocrx_word' id='word_1_125' title='bbox 369 4006 476 4074; x_wconf 90' lang='lat' dir='ltr'>Notus</span> <span class='ocrx_word' id='word_1_126' title='bbox 490 4006 640 4091; x_wconf 85' lang='lat' dir='ltr'>vocabit,</span> <span class='ocrx_word' id='word_1_127' title='bbox 652 4021 710 4076; x_wconf 90' lang='lat' dir='ltr'>aut</span> <span class='ocrx_word' id='word_1_128' title='bbox 724 4023 898 4100; x_wconf 88' lang='lat' dir='ltr'>protervus</span> <span class='ocrx_word' id='word_1_129' title='bbox 911 4006 1052 4076; x_wconf 77' lang='lat' dir='ltr'>Africus.</span> 
     </span>
    </p>

    <p class='ocr_par' dir='ltr' id='par_1_16' title="bbox 323 4113 1232 4211">
     <span class='ocr_line' id='line_1_27' title="bbox 323 4113 1232 4211; baseline 0 -29"><span class='ocrx_word' id='word_1_130' title='bbox 323 4117 376 4183; x_wconf 83' lang='lat' dir='ltr'>Sic</span> <span class='ocrx_word' id='word_1_131' title='bbox 390 4116 518 4210; x_wconf 84' lang='lat' dir='ltr'>placet?</span> <span class='ocrx_word' id='word_1_132' title='bbox 531 4142 573 4185; x_wconf 89' lang='lat' dir='ltr'>an</span> <span class='ocrx_word' id='word_1_133' title='bbox 587 4117 705 4187; x_wconf 85' lang='lat' dir='ltr'>melius</span> <span class='ocrx_word' id='word_1_134' title='bbox 715 4121 790 4211; x_wconf 88' lang='lat' dir='ltr'>quis</span> <span class='ocrx_word' id='word_1_135' title='bbox 804 4119 903 4186; x_wconf 89' lang='lat' dir='ltr'>habet</span> <span class='ocrx_word' id='word_1_136' title='bbox 917 4115 1076 4187; x_wconf 87' lang='lat' dir='ltr'>suadere?</span> <span class='ocrx_word' id='word_1_137' title='bbox 1088 4113 1232 4183; x_wconf 88' lang='lat' dir='ltr'>secunda</span> 
     </span>
    </p>
   </div>
   <div class='ocr_carea' id='block_1_6' title="bbox 0 0 1682 5342">
    <p class='ocr_par' dir='ltr' id='par_1_17' title="bbox 0 0 1682 5342">
     <span class='ocr_line' id='line_1_28' title="bbox 0 0 1682 5342; baseline 0 0"><span class='ocrx_word' id='word_1_138' title='bbox 0 0 1682 5342; x_wconf 95' lang='lat' dir='ltr'> </span> 
     </span>
    </p>
   </div>
  </div>
 </body>
</html>
