3325 5342
269 710 293 743 v·
313 693 363 741 ³⁵⁰
577 691 673 758 ARS
702 689 936 758 POETICA.
1177 688 1244 759 333

268 824 337 893 Nec
351 843 478 913 semper
492 818 586 887 leriet
599 819 831 912 quodcumque
845 816 1027 885 minabitur
1040 841 1145 886 arcus.

268 939 394 1005 Verum
409 933 465 1001 ubi
480 931 577 1026 plura
591 932 697 1000 nitent
711 932 746 998 in
759 931 924 1016 carmine,
939 954 1006 997 nou
1020 955 1082 1025 ego
1095 934 1209 1024 paucis

268 1047 431 1118 Offendor
443 1045 597 1129 maculis,
611 1069 693 1138 quas
706 1059 764 1112 aut
778 1044 907 1112 incuria
921 1042 1025 1129 fudit,

269 1164 338 1230 Aut
351 1160 495 1229 humana
509 1183 627 1253 parum
642 1159 729 1227 cavit
741 1172 870 1225 natura.
885 1154 978 1243 Quid
991 1180 1072 1250 ergo
1085 1156 1156 1226 est?

267 1275 316 1341 Ut
329 1273 471 1365 scriptor·
485 1272 512 1339 si
526 1285 641 1365 peccat
655 1269 741 1337 idem
756 1267 912 1337 librarius
925 1292 1046 1360 usque,

269 1384 431 1471 Quamvis
445 1398 492 1452 est
508 1384 671 1467 monitus,
684 1381 779 1448 venia
792 1393 899 1464 caret3
911 1394 945 1447 et
956 1379 1156 1448 citharoedus

268 1495 424 1582 Ridetur,
438 1494 563 1564 chorda
576 1494 634 1587 qui
649 1516 779 1586 semper
791 1492 925 1560 oberrat
937 1491 1070 1561 eadem:

266 1608 321 1676 Sic
334 1607 436 1693 mihi,
449 1607 506 1700 qui
521 1604 665 1675 multum
679 1618 801 1690 cessat,
815 1602 854 1671 fit
868 1602 1032 1672 Choerilus
1040 1604 1133 1692 ille,

266 1721 375 1808 Quem
390 1720 441 1788 bis
456 1734 546 1789 terve
558 1719 685 1788 bonum
699 1743 775 1787 cum
790 1718 859 1786 risu
874 1719 993 1805 miror,
1006 1733 1039 1786 et
1052 1719 1151 1787 idem·

266 1832 444 1926 Indignor,
457 1833 658 1927 quandoque
672 1832 780 1901 bonus
794 1830 953 1899 dormitat
966 1835 1138 1901 Homerus.

266 1947 391 2014 Verum
405 1947 498 2038 operi
513 1944 614 2041 longo
629 1946 678 2014 las
691 1961 740 2014 est
753 1945 913 2038 obrepere
926 1970 1089 2014 somnum.

266 2061 314 2127 Ut
327 2059 473 2172 pictura,
487 2059 604 2151 poesis.
619 2059 693 2126 Erit
706 2083 797 2150 qum,
810 2059 837 2125 si
851 2059 988 2151 propius
1003 2074 1084 2144 stes,

266 2174 313 2239 Te
326 2169 435 2261 capiat
448 2169 572 2260 magis3
585 2183 618 2236 et
632 2168 800 2260 quaedam
814 2169 841 2236 si
856 2167 988 2262 longius
1001 2172 1116 2242 abstes.

266 2287 344 2351 Haec
357 2296 446 2352 amat
458 2281 656 2365 obscurum,
669 2279 756 2349 volet
771 2280 840 2348 haec
853 2281 915 2349 sub
930 2281 1002 2350 luce
1015 2285 1136 2371 videri,

265 2396 391 2465 Judicis
405 2409 562 2489 argutum
577 2419 650 2488 quae
664 2418 731 2462 non
746 2393 902 2462 formidat
915 2419 1072 2484 acumen3

265 2513 343 2579 Haec
357 2508 482 2602 placuit
495 2507 614 2594 semel3
627 2508 696 2576 haec
710 2506 817 2576 decies
831 2510 968 2602 repetita
981 2508 1132 2603 placebit.

313 2629 345 2695 Ο
359 2625 466 2717 major
476 2624 655 2717 juvenum,
668 2624 818 2717 quamvis
832 2637 865 2691 et
876 2649 957 2692 voce
969 2639 1105 2718 paterna
1160 2655 1162 2662 ·

265 2737 415 2832 Fingeris
428 2737 471 2806 ad
487 2750 631 2823 rectum,
644 2752 678 2806 et
691 2761 751 2830 per
764 2751 796 2805 te
809 2738 914 2831 sapis,
927 2737 991 2807 hoc
1005 2739 1064 2807 tibi
1080 2740 1204 2808 dictum

264 2848 358 2919 Tolle
371 2875 516 2936 memor3
530 2851 628 2945 certis
642 2850 788 2920 medium
802 2866 836 2920 et
849 2850 1021 2922 tolerabile
1035 2855 1132 2923 rebus
1227 2859 1230 2866 '

264 2966 365 3033 Recte
378 2964 523 3033 concedi.
539 2963 721 3033 Consultus
731 2965 817 3058 juris
830 2980 865 3034 et
877 2980 971 3035 actor

264 3079 448 3145 Causarum
462 3077 638 3146 mediocris
651 3078 743 3146 abest
757 3078 880 3146 virtute
894 3078 1007 3148 diserti

263 3188 429 3275 Messalae,
443 3214 504 3258 nec
517 3191 579 3258 scit
593 3205 755 3285 quantum
770 3190 950 3261 Cascellius
965 3191 1088 3275 Aulus3

264 3299 329 3369 Sed
345 3316 455 3370 tamen
471 3302 505 3370 in
519 3304 628 3396 pretio
641 3316 699 3372 est.
714 3303 941 3373 Mediocribus
954 3328 1024 3373 esse
1038 3304 1143 3396 poetis

263 3415 340 3485 Non
355 3414 523 3496 homines,
537 3440 605 3484 non
620 3417 683 3503 Di,
697 3442 764 3485 non
778 3442 967 3487 concessere
979 3415 1150 3486 columnae.

263 3528 311 3594 Ut
326 3541 436 3620 gratas
452 3528 538 3595 inter
550 3553 680 3598 mensas
693 3530 890 3624 symphonia
904 3529 1046 3614 discors,

263 3641 305 3705 Et
318 3663 466 3708 crassum
481 3655 708 3734 unguentum,
721 3656 754 3710 et
768 3643 874 3711 Sardo
884 3666 964 3711 ,curn
977 3640 1074 3709 melle
1088 3663 1230 3734 papaver

262 3750 466 3838 Offendunt,
479 3767 610 3846 poterat
623 3753 700 3824 duci
715 3757 792 3849 quia
806 3780 900 3824 coena
914 3756 985 3824 sine
999 3755 1086 3838 istis3

262 3864 316 3932 Sic
329 3865 448 3933 animis
462 3881 578 3934 uatum
595 3867 832 3961 inventumque
845 3893 963 3962 poema
973 3866 1146 3960 juvandis,

262 3977 298 4044 Si
312 3976 447 4070 paulum
462 4005 593 4048 summo
608 3980 763 4066 decessit,
776 3983 884 4076 vergit
896 3981 939 4050 ad
953 3983 1065 4051 imum.

263 4089 392 4160 Ludere
406 4093 599 4196 quipscst,
612 4094 861 4187 Campestrihus
873 4095 1015 4163 abstinet
1028 4094 1146 4180 armis,
