3325 5342
502 695 571 787 ²74
729 690 772 775 Q.
802 684 1025 754 nourrii
1057 685 1250 754 amem
1405 710 1430 738 v.
1455 708 1486 742 ,ο

501 825 579 910 Quo
593 821 728 913 cupiens
741 830 857 910 pacto,
871 838 974 907 pavor
988 828 1037 882 est
1050 813 1229 908 utrobique
1243 816 1419 906 molestus,

501 933 683 1028 Improvisa
698 927 795 998 simul
810 926 934 1020 specics
947 939 1090 994 exterret
1103 939 1291 1022 utrumque

501 1046 671 1126 Gaudeat,
684 1069 726 1111 an
742 1039 868 1122 doleat3
882 1038 1011 1131 cupiat,
1025 1051 1211 1124 metuatne,
1224 1041 1306 1131 quid
1319 1041 1363 1110 ad
1378 1067 1467 1128 rem,

500 1159 551 1243 Si,
564 1154 727 1250 quidquid
741 1153 825 1221 vidit
838 1150 974 1236 melius,
987 1150 1123 1242 pejusve
1137 1175 1196 1219 sua
1209 1176 1284 1245 spe,

500 1270 627 1339 Defixis
640 1267 763 1352 oculis,
777 1267 955 1357 animoque
968 1277 1001 1331 et
1015 1287 1153 1356 corpore
1167 1265 1299 1358 torpet?

501 1385 613 1453 Insani
628 1383 757 1477 sapiens
771 1403 892 1447 nomen
908 1377 1010 1462 serat,
1022 1402 1134 1470 aequus
1149 1378 1273 1470 iniqui,

501 1495 599 1566 Ultra
614 1519 713 1587 quam
729 1492 807 1561 satis
821 1504 888 1575 est,
902 1490 1057 1558 virtutem
1074 1489 1100 1557 si
1116 1504 1207 1583 petat
1221 1491 1334 1583 ipsam.

501 1612 516 1677 l
531 1632 637 1694 nunc,
650 1618 844 1700 argentum,
856 1617 891 1671 et
905 1627 1051 1671 marmor
1067 1617 1177 1687 vetus,
1190 1628 1320 1696 araque
1332 1619 1366 1673 et
1379 1619 1468 1673 artes

500 1721 652 1813 Suspice,
665 1743 740 1788 cum
756 1716 895 1811 gemmis
907 1716 1025 1809 Tyrios
1039 1715 1160 1783 mirare
1173 1715 1317 1800 colores;

500 1830 635 1915 Gaude,
648 1828 738 1923 quod
752 1841 900 1921 spectant
914 1825 1002 1895 oculi
1017 1841 1050 1895 te
1063 1826 1154 1895 mille
1168 1825 1375 1921 loquentem;

501 1946 638 2014 Gnarus
651 1966 748 2010 mane
761 1940 890 2026 lorum,
903 1954 937 2008 et
950 1941 1156 2034 vespertinus
1170 1955 1244 2034 pete
1259 1956 1400 2026 tectum,

500 2058 551 2127 Ne
563 2054 639 2148 plus
653 2055 811 2122 frumenti
826 2052 993 2122 dotalibus
1007 2068 1127 2122 emetat
1141 2055 1229 2148 agris

500 2169 633 2252 Mutus,
644 2181 694 2252 et,
709 2167 902 2261 indignum,
915 2166 1005 2260 quod
1020 2168 1063 2235 sit
1076 2167 1244 2260 pejoribus
1258 2182 1368 2253 ortus,

501 2279 564 2346 Hic
577 2278 637 2347 tibi
652 2279 695 2347 sit
708 2279 837 2372 potius,
851 2302 951 2371 quarn
966 2293 1002 2347 tu
1018 2277 1179 2347 mirabilis
1193 2276 1252 2347 illi.

501 2390 675 2484 Quidquid
690 2392 750 2460 sub
766 2406 854 2459 terra
867 2406 935 2472 est,
948 2391 983 2459 in
997 2391 1147 2484 apricum
1163 2392 1308 2485 proferat
1321 2406 1416 2477 atas,

501 2503 656 2572 Defodiet
670 2505 855 2597 condetque
869 2504 1017 2571 nitentia.
1033 2506 1147 2592 Quum
1161 2504 1245 2572 bene
1259 2519 1374 2573 notum

501 2618 652 2684 Porticus
665 2618 839 2711 Agrippae,
851 2632 885 2685 et
899 2617 951 2685 via
966 2631 998 2686 te
1012 2618 1218 2710 conspexerit
1230 2618 1335 2710 Appi,

502 2733 555 2798 Ire
568 2744 678 2798 tamen
694 2744 812 2816 restat,
824 2733 935 2800 Numa
949 2755 1016 2824 quo
1030 2729 1162 2799 devenit
1174 2745 1208 2798 et
1220 2733 1339 2799 Ancus.

501 2845 535 2913 Si
551 2841 636 2913 latus
649 2858 707 2912 aut
721 2868 814 2912 rencs
827 2844 946 2912 morbo
961 2858 1131 2912 tentantur
1144 2859 1259 2928 acut0,

501 2958 621 3044 Quaere
634 2956 747 3051 fugam
762 2956 880 3024 morbi.
895 2956 955 3024 Vis
970 2969 1057 3024 recte
1072 2955 1203 3023 vivere?
1217 2956 1302 3043 Quis
1315 2956 1407 3023 non?

501 3069 535 3138 Si
548 3068 651 3138 virtus
665 3069 729 3138 hoc
742 3093 808 3137 una
823 3083 932 3162 potest
948 3068 1043 3152 dare,
1057 3068 1153 3136 fortis
1167 3069 1296 3136 omissis

501 3183 573 3248 Hoc
585 3205 646 3274 age
660 3179 795 3250 deliciis
810 3179 1093 3249 Virtutcm'verba
1108 3195 1222 3273 putas,
1234 3194 1266 3248 et

502 3296 630 3363 Lucum
644 3293 757 3388 ligna?
770 3297 859 3363 Cave
873 3318 914 3361 nc
928 3308 1046 3387 portus
1058 3308 1198 3387 occupet
1211 3293 1311 3379 alter,
1416 3349 1419 3352 .

377 3441 381 3444 ·
500 3407 552 3476 Ne
565 3406 769 3500 Cibyratica,
783 3431 825 3473 ne
839 3404 982 3500 Bithyna
997 3408 1129 3501 negotia
1145 3406 1271 3500 perdas.

500 3515 594 3586 Mille
608 3516 731 3587 talenta
743 3518 981 3604 retundantur,
997 3519 1133 3587 totidem
1146 3518 1267 3604 altera,
1280 3543 1380 3612 porro

500 3631 612 3698 Tertia
625 3631 819 3719 succedant,
833 3648 866 3700 et
881 3657 954 3726 quae
968 3657 1043 3726 pars
1058 3631 1198 3725 quadret
1211 3657 1373 3701 acervum.

501 3740 633 3812 Scilicet
645 3768 782 3814 uxorem
796 3771 872 3814 cum
888 3745 982 3830 dote,
995 3744 1177 3839 fidemque,
1190 3760 1224 3815 et
1237 3745 1378 3828 amicos,

500 3856 543 3920 Et
557 3877 679 3946 genus,
692 3871 726 3925 et
740 3856 882 3926 somnam
897 3858 1010 3952 regina
1025 3859 1165 3950 pecunia
1178 3858 1297 3942 donat,

502 3964 550 4031 Ac
563 3965 646 4033 benc
659 3985 868 4040 nummatum
883 3971 1016 4038 decorat
1029 3969 1189 4057 Suadela,
1202 3973 1390 4059 Venusque.

500 4075 676 4167 Mancipiis
689 4076 835 4172 locuples
848 4094 923 4174 eget
936 4082 1010 4150 aeris
1023 4082 1259 4175 Cappadocum
1274 4104 1349 4162 κη
