3325 5342
212 752 236 783 v·
255 743 286 795 tr
369 733 727 802 EPlSTOLARUM
753 734 903 801 LIBER
928 735 974 801 ll.
1005 758 1032 801 1.
1121 735 1190 838 305

210 868 301 934 Dum
316 862 413 931 cadat
425 860 536 931 elusus
551 863 678 931 ratione
692 864 817 933 ruentis
830 865 957 951 acervi,

212 977 279 1066 Qui
295 975 380 1044 redit
393 974 436 1043 ad
450 974 569 1061 fastos,
583 990 616 1042 et
630 976 785 1043 virtutem
799 979 940 1047 aestimat
953 981 1068 1065 annis,
1171 1055 1176 1066 ι

212 1091 421 1182 Miraturque
436 1087 539 1174 nihil,
553 1089 617 1157 nisi
631 1088 721 1181 quod
735 1090 886 1160 Libitina
896 1095 1045 1162 sacravit.

259 1203 407 1289 Ennius,
420 1216 452 1270 et
466 1202 597 1296 sapiens
610 1215 644 1269 et
657 1201 770 1286 fortis,
784 1217 817 1270 et
829 1203 913 1273 alter
924 1207 1105 1294 Homerus,

212 1319 261 1386 Ut
272 1316 379 1385 critici
395 1315 529 1402 dicunt,
543 1315 658 1385 leviter
672 1340 788 1384 curare
801 1317 947 1405 videtur,

212 1431 290 1518 Quo
305 1430 468 1521 promissa
481 1429 620 1515 radant,
633 1443 667 1497 et
681 1429 810 1498 somnia
823 1432 1037 1528 Pythagorea.

212 1542 345 1611 Noevius
360 1542 394 1608 in
409 1541 565 1609 manibus
580 1566 646 1608 non
662 1555 731 1626 est,
741 1555 774 1608 et
787 1543 953 1612 mentibus
967 1545 1067 1614 haeret

211 1655 307 1722 Pane
321 1653 456 1722 recens?
468 1653 552 1722 adeo
566 1668 719 1722 sanctum
734 1667 784 1722 est
798 1668 891 1723 vetus
903 1680 1001 1726 omne
1014 1683 1139 1752 poema.

210 1765 402 1859 Ambigitur
416 1766 546 1860 quoties
561 1780 635 1835 uter
649 1780 727 1834 utro
740 1766 783 1834 sit
797 1767 908 1858 prior,
921 1768 1028 1837 aufert

210 1879 372 1947 Pacuvius
386 1877 476 1947 docti
491 1879 615 1947 famam
632 1880 737 1965 senis,
749 1880 869 1948 Accius
882 1878 959 1966 alti;

211 1991 345 2060 Dicitur
360 1991 475 2060 Afrani
489 2007 568 2086 toga
580 1992 773 2061 convenisse
785 1993 990 2080 Menandro3

211 2102 348 2173 Plautus
360 2103 404 2172 ad
416 2102 585 2197 exemplar
599 2103 702 2174 Siculi
717 2113 895 2199 properare
909 2108 1117 2200 Epicharmi3

210 2218 354 2287 Vincere
368 2216 522 2287 Caecilius
537 2219 716 2312 gravitate,
729 2221 903 2289 Terentius
916 2236 996 2290 arte.

210 2334 279 2401 Hos
291 2331 426 2417 ediscit,
439 2346 472 2400 et
486 2332 547 2401 hos
561 2347 653 2400 arcto
668 2334 789 2427 stipata
803 2334 932 2402 theatro

209 2448 342 2538 Spectat
354 2448 461 2514 Roma
476 2441 611 2539 potens3
624 2446 724 2515 habet
740 2446 801 2515 hos
815 2463 1032 2542 numeratque
1045 2465 1158 2543 poetas

210 2556 259 2625 Ad
275 2572 426 2626 nostrum
441 2572 572 2651 tempus
584 2559 659 2627 Livi
674 2559 847 2652 scriptoris
861 2560 904 2628 ab
918 2585 995 2629 aevo.

210 2669 381 2740 Interdum
396 2669 516 2764 vulgus
531 2685 659 2740 rectum
673 2670 781 2757 videt;
795 2686 845 2740 est
858 2672 917 2741 ubi
931 2689 1052 2766 peccat.

209 2783 244 2851 Si
258 2798 384 2853 veteres
399 2785 445 2853 ita
459 2785 602 2853 miratur
615 2784 795 2878 laudatque
808 2801 939 2879 poetas,
994 2789 997 2794 “

209 3010 245 3077 Si
260 3008 412 3101 quadam
427 3011 528 3078 nimis
542 3011 699 3104 antique,
710 3012 737 3080 si
752 3010 910 3106 pleraque
924 3014 1006 3082 dure

208 3122 330 3190 Dicere
344 3123 450 3191 credit
463 3148 537 3211 eos,
551 3125 669 3218 ignave
682 3123 788 3193 multa
802 3126 941 3213 fatetur,

208 3238 252 3303 Et
265 3237 370 3329 sapit,
382 3251 415 3305 et
430 3261 560 3306 mecum
575 3238 672 3325 facit,
684 3253 718 3307 et
731 3242 812 3308 Jove
823 3241 952 3333 judicat
964 3265 1067 3333 aequo.

209 3351 286 3418 Non
301 3351 455 3443 equidem
472 3353 632 3441 insector,
647 3351 827 3423 delendave
841 3355 988 3424 carmina
1002 3355 1076 3422 Livi

209 3463 289 3531 Esse
305 3488 396 3549 reor,
410 3465 547 3533 memini
560 3491 634 3559 quae
648 3464 823 3561 plagosum
839 3468 922 3535 mihi
936 3491 1038 3560 parvo

208 3576 377 3646 Orbilium
393 3576 535 3665 dictare;
550 3578 607 3648 sed
623 3580 797 3648 emendata
810 3579 934 3666 videri,

207 3688 435 3783 Pulchraque,
448 3706 482 3759 et
495 3693 619 3760 exactis
633 3693 810 3760 minimum
825 3691 1000 3777 distantia,
1012 3692 1124 3759 miror.

210 3806 305 3872 Inter
318 3829 392 3897 quae
405 3805 545 3875 verbum
557 3806 695 3875 emicuit
708 3808 736 3875 si
751 3806 837 3875 forte
851 3806 1026 3888 decorum,

210 3916 245 3984 Si
260 3941 376 3986 versus
389 3917 490 4011 paulo
505 3919 703 3988 concinnior
715 3944 802 3987 unus
817 3933 849 3987 et
863 3917 960 4002 alter,

208 4029 335 4120 injuste
350 4043 458 4097 totum
474 4030 568 4098 ducit
580 4029 761 4122 venditque
775 4054 903 4123 poema.

206 4138 370 4234 Indignor
384 4139 570 4234 quidquam
586 4137 803 4233 reprehendi,
818 4165 884 4209 non
899 4139 978 4231 quia
992 4163 1101 4207 crasse

1063 4277 1097 4309 20
