3325 5342
372 616 433 705 ,74
593 614 635 702 Q.
668 615 888 682 uonlru
924 617 1118 686 rnlccr

458 749 648 839 Mysorum,
661 761 692 813 et
708 747 742 812 in
757 768 855 837 quom
870 745 935 815 tela
948 761 1045 816 acuta
1058 761 1207 820 torserat.

460 860 593 928 Unxere
606 871 728 925 matres
741 854 810 924 lliae
824 856 994 926 addictum
1010 859 1088 928 feris

461 970 602 1039 nlitibus
615 984 714 1062 atque
726 969 864 1038 canibus
878 970 1079 1040 homicidam
1094 976 1288 1061 Hectorem,

460 1087 639 1177 Postquain
654 1081 777 1151 relictis
789 1083 954 1152 moenibus
968 1109 1025 1153 rex
1038 1089 1200 1180 procidit,

461 1193 550 1265 Heu!
566 1197 744 1288 pervicacis
757 1196 800 1264 ad
813 1196 912 1290 pedes
924 1198 1074 1269 Achillei.

461 1314 574 1379 Setosa
588 1309 681 1378 duris
694 1335 813 1379 exuere
826 1308 969 1404 pellibus

463 1424 636 1493 Laboriosi
651 1425 791 1517 remiges
805 1423 934 1511 Ulixei,

462 1537 603 1608 Volente
615 1540 729 1620 Circe,
742 1539 909 1625 membra3
923 1554 1003 1609 tunc
1016 1566 1125 1629 mens,
1139 1559 1170 1612 et
1188 1569 1287 1614 sonus

463 1651 641 1745 Relapsus‚
653 1666 751 1745 atque
765 1667 864 1721 notus
879 1655 913 1721 in
927 1654 1038 1723 vultus
1052 1655 1167 1726 honor.

464 1764 550 1835 Dedi
565 1767 643 1834 satis
657 1790 821 1860 superque
835 1792 1007 1860 poenarum
1022 1769 1102 1855 tibi,

463 1882 580 1947 Amata
593 1879 702 1947 nautis
716 1877 859 1948 multum
873 1895 906 1948 et
920 1882 1134 1951 institoribus.

464 1993 563 2087 Fugit
573 1993 743 2085 juventas,
754 2008 786 2061 et
802 1994 1007 2063 verecundus
1020 1996 1112 2064 oolor

465 2105 611 2199 Reliquit
624 2129 698 2174 ossa
711 2105 796 2200 pelle
810 2109 933 2175 amicta
946 2108 1072 2195 lurida;
1094 2144 1102 2161 ·

463 2220 543 2288 Tuis
556 2217 695 2312 capillus
707 2217 802 2287 albus
815 2234 865 2288 est
879 2219 1058 2306 odoribus;

464 2331 603 2402 Nullum
616 2333 658 2400 ab
674 2332 787 2401 labore
800 2357 853 2402 me
868 2333 1007 2404 reclinat
1020 2336 1144 2423 otium;

464 2450 571 2542 Urget
585 2446 672 2515 diem
688 2472 771 2533 nox,
784 2460 817 2515 et
830 2446 900 2516 dies
916 2463 1064 2537 noctem,
1078 2475 1184 2544 neque
1197 2466 1245 2519 est

466 2562 591 2627 levare
604 2573 694 2627 tenta
707 2560 827 2653 spiritu
842 2561 1034 2653 praecordia

466 2675 555 2768 Ergo
570 2687 727 2768 negatum
740 2673 857 2741 vincor
870 2687 907 2741 ut
921 2674 1055 2743 credam
1071 2677 1183 2760 miser,

466 2787 595 2858 Sabella
609 2801 722 2881 pectus
737 2789 907 2881 increpare
920 2790 1086 2873 carmina,

467 2905 640 2995 Caputque
653 2904 766 2970 Marsa
780 2899 922 2971 dissilire
936 2901 1043 2968 nenio.

467 3014 559 3103 Quid
571 3012 713 3107 amplius
726 3012 799 3080 vis?
811 3015 843 3081 Ο
856 3036 964 3098 marc,
977 3037 998 3080 o
1012 3009 1114 3080 terra!
1130 3013 1231 3081 ardeo

467 3131 638 3215 Quantum
654 3152 760 3221 neque
773 3142 847 3196 atro
861 3126 1028 3195 delibutus
1041 3125 1199 3195 Hercules

466 3242 561 3312 Nessi
575 3266 711 3327 cruore,
724 3265 785 3310 nec
797 3242 916 3310 Sicana
930 3239 1056 3308 fervida

467 3359 592 3424 Furens
607 3356 640 3421 in
654 3358 752 3424 AEtna
766 3353 909 3422 flamma.
924 3356 993 3438 Tu,
1007 3353 1112 3422 donec
1125 3354 1207 3421 cinis

467 3469 641 3561 Injuriosis
654 3467 767 3536 aridus
780 3468 887 3536 ventis
904 3466 1007 3552 ferar,

468 3580 563 3649 Cales
576 3581 710 3648 venenis
723 3579 858 3648 officina
872 3578 1047 3649 Colchicis.

469 3696 552 3781 Quae
565 3692 663 3761 linis?
675 3708 732 3762 aut
746 3693 837 3786 quod
850 3717 903 3761 me
917 3705 1029 3761 manet
1042 3690 1265 3785 stipendium?

468 3804 595 3890 Effare3
604 3806 712 3896 jussas
725 3829 800 3874 cum
815 3803 881 3873 lide
894 3828 1007 3898 poenas
1022 3802 1128 3887 luam,

469 3923 607 3987 Paratus
620 3921 769 4013 expiare,
783 3944 840 3987 seu
855 3920 1045 4013 poposceris

470 4035 612 4099 Centum
622 4031 799 4123 juvencos,
812 4033 880 4098 sive
894 4030 1044 4099 mendaci
1060 4027 1127 4122 lyra
