3325 5342
138 731 146 740 .
244 688 321 735 nat
396 674 754 745 EPISTOLARUM
780 679 940 745 LIBER.
967 681 992 746 1.
1023 677 1074 752 15.
1157 685 1226 778 289

244 804 382 902 Pinguis
396 818 434 872 ut
447 803 524 872 inde
537 804 672 874 domurn
686 808 809 899 possim
824 807 1008 901 Phaeaxque
1022 812 1164 880 reverti?

244 920 394 991 Scribere
407 932 440 986 tc
454 916 567 1001 nobis,
581 916 640 986 tibi
655 943 716 987 nos
727 919 899 989 accredere
912 946 972 1015 par
984 936 1042 991 est.

295 1033 456 1118 Maenius,
469 1045 506 1100 ut
521 1030 619 1124 rebus
633 1034 791 1101 maternis
804 1048 903 1127 atque
916 1036 1063 1128 paternis

248 1147 395 1213 Fortiter
408 1145 592 1238 absumptis
605 1144 753 1214 urbanus
766 1147 865 1240 coepit
877 1147 1010 1232 baberi,

249 1263 371 1329 Scurra
384 1281 506 1351 vagus,
520 1282 587 1325 non
601 1257 659 1349 qui
672 1271 800 1325 certum
812 1282 957 1351 presepe
970 1275 1111 1347 teneret,
1144 1279 1149 1288 ’

250 1375 443 1465 Impransus
457 1395 523 1438 non
537 1370 595 1463 qui
609 1370 714 1438 civem
729 1369 937 1464 dignosceret
950 1371 1060 1461 hoste,

250 1482 414 1573 Quaelibet
428 1484 462 1551 in
478 1482 627 1577 quemvis
640 1482 820 1577 opprobria
833 1483 957 1577 fingere
971 1511 1090 1573 saevus,

251 1596 416 1665 Pernicies
429 1611 462 1665 et
476 1609 652 1689 tempestas
666 1595 927 1690 barathrumque
940 1598 1087 1684 macelli,

251 1707 426 1801 Quidquid
440 1708 630 1801 quesierat,
643 1708 751 1776 ventri
766 1707 912 1776 donabat
924 1734 1033 1778 avaro.

251 1823 331 1907 Hic,
346 1821 403 1889 ubi
417 1822 573 1915 nequitie
586 1822 774 1891 fautoribus
787 1835 821 1889 et
835 1821 959 1889 timidis
973 1821 1020 1889 nil

253 1937 318 2005 Aut
330 1933 469 2028 paulum
481 1934 681 2022 abstulerat,
695 1935 824 2028 patinas
838 1934 989 2003 coenabat
1002 1936 1124 2018 omasi,

253 2047 338 2118 Vilis
351 2062 384 2116 et
396 2048 545 2143 agninae,
558 2048 666 2118 tribus
680 2049 766 2118 ursis
780 2048 872 2141 quod
886 2049 965 2117 satis
978 2063 1080 2134 esset,

254 2160 385 2232 Scilicet
398 2177 436 2230 ut
449 2177 579 2232 ventres
593 2161 703 2231 lamna
716 2161 879 2230 candente
893 2155 1050 2256 nepotum

254 2276 389 2344 Diceret
402 2275 564 2361 urendos,
576 2290 745 2344 corrector
758 2276 896 2344 Bestius.
911 2274 1003 2344 Idem

255 2387 431 2480 Quidquid
445 2402 517 2457 erat
531 2402 647 2458 nauus
662 2387 780 2482 praedae
793 2388 946 2480 majoris,
960 2387 1018 2456 ubi
1032 2411 1131 2454 omne
1237 2459 1242 2467 ,

255 2503 409 2567 Verterat
422 2501 457 2568 in
473 2501 602 2570 fumum
615 2515 648 2569 et
660 2497 804 2570 cinerem
815 2526 823 2569 :
833 2502 936 2569 «Non
949 2498 1081 2568 hercule
1094 2499 1214 2585 miror,
1223 2531 1239 2563 »

256 2614 390 2699 Aiebat,
403 2643 419 2678 tt
429 2614 456 2683 si
475 2616 532 2708 qui
548 2615 727 2684 comedunt
741 2607 847 2700 bona,
861 2639 965 2707 quum
977 2615 1020 2698 sit
1033 2614 1133 2682 obeso

257 2726 338 2798 «Nil
353 2726 470 2796 melius
484 2728 603 2814 turdo,
616 2727 663 2797 nil
678 2728 775 2798 vulva
788 2727 961 2822 pulchrius
975 2726 1094 2822 ampla.
1104 2758 1121 2791 s

256 2839 423 2909 Nimimm
437 2841 492 2910 hic
504 2866 566 2935 ego
580 2866 663 2910 sum.
679 2844 766 2911 Nam
781 2856 854 2910 tuta
866 2856 900 2910 et
913 2839 1050 2934 parvula
1065 2837 1182 2926 laudo,

258 2953 371 3040 Quum
386 2978 438 3022 res
451 2953 628 3041 deliciunt,
642 2956 721 3024 satis
736 2955 823 3023 inter
837 2954 915 3023 vilia
929 2953 1043 3039 fortis3

259 3065 404 3151 Verum,
417 3065 474 3132 ubi
488 3067 569 3159 quid
584 3067 702 3136 melius
717 3068 883 3161 contingit
895 3081 928 3136 et
941 3066 1091 3151 unctius,
1103 3065 1189 3133 idem

260 3179 329 3244 Vos
343 3201 456 3271 sapere
470 3192 503 3246 et
516 3178 604 3248 solos
617 3181 671 3249 aio
684 3181 769 3250 bene
783 3181 911 3264 vivere,
923 3204 1066 3272 quorum

262 3292 476 3384 Conspicitur
488 3292 601 3361 nitidis
615 3294 752 3363 mndata
766 3296 908 3388 pecunia
921 3292 1015 3362 villis.
