3325 5342
445 637 510 707 160
668 641 710 727 Q.
742 640 969 707 HORATII
1002 640 1195 706 FLACCI

645 771 766 840 lenire
781 769 889 838 verbis
904 770 1039 863 impias;

534 884 616 970 Sed,
630 883 752 952 dubius
766 881 855 952 unde
870 896 1039 977 rumperet
1053 882 1238 968 silentium,

630 997 725 1064 Misit
737 997 915 1090 Thyesteas
930 1020 1060 1089 preces:

534 1139 551 1174 n
565 1106 719 1180 Venena!
736 1110 904 1205 magicum
919 1110 967 1178 fas
982 1109 1138 1203 nefasque
1153 1135 1218 1178 non
1235 1107 1341 1177 valent

630 1227 863 1295 «Convertere
878 1225 1056 1293 humanam
1071 1225 1186 1293 vicem.

534 1365 551 1399 (ι
565 1336 659 1406 Diris
673 1359 770 1430 agam
785 1360 861 1422 vos3
876 1335 949 1403 dira
963 1335 1136 1404 detestatio

631 1479 648 1514 n
663 1448 765 1521 Nulla
780 1449 933 1543 expiatur
947 1448 1090 1517 victima.

534 1592 551 1626 κ
567 1564 679 1652 Quin,
693 1563 750 1632 ubi
764 1562 874 1657 perire
883 1563 996 1654 jussus
1009 1562 1237 1655 exspiravere,

630 1704 647 1739 n
662 1678 855 1745 Nocturnus
868 1699 1041 1744 occurram
1056 1675 1166 1760 furor,

533 1816 550 1850 «
565 1791 745 1882 Petamqne
758 1786 871 1856 vultus
886 1787 1006 1856 umbra
1020 1789 1130 1857 curvis
1144 1787 1329 1881 unguibus,

631 1931 648 1965 ι(
662 1903 746 1990 Quae
760 1902 809 1993 vis
823 1904 974 1971 Deorum
988 1917 1038 1972 est
1052 1903 1223 1986 Manium,

533 2044 550 2078 α
564 2018 607 2084 Et
621 2016 777 2109 inquietis
791 2015 940 2086 assidens
954 2015 1163 2110 precordiis,

630 2158 647 2193 n
662 2133 787 2200 Pavore
802 2156 937 2200 somnos
952 2131 1110 2200 auferam.

532 2271 549 2306 α
563 2246 633 2312 Vos
646 2243 746 2312 turba
758 2244 892 2313 vicatim
907 2245 987 2313 hinc
999 2259 1033 2313 et
1046 2245 1125 2313 hinc
1140 2243 1226 2312 saxis
1239 2255 1352 2335 petens

630 2385 647 2420 α
661 2356 855 2427 Contundet
869 2358 1028 2427 obscenas
1043 2383 1135 2427 anus.

533 2496 550 2530 α
565 2471 661 2554 Post,
676 2468 842 2562 insepulta
856 2471 1006 2540 membra
1020 2470 1175 2539 different
1190 2467 1277 2561 lupi,

630 2611 648 2644 «
661 2584 704 2651 Et
718 2582 903 2676 Exquilinae
916 2584 1028 2671 alites3

534 2724 551 2758 α
565 2697 680 2789 Neque
694 2697 759 2766 hoc
772 2712 945 2792 parentes,
959 2696 1041 2767 heu!
1058 2698 1140 2766 mihi
1156 2697 1363 2789 superstites,

630 2838 647 2873 α
661 2809 827 2906 Effirgerit
843 2811 1075 2905 spectaculum.
1092 2842 1109 2874 »

437 3059 1377 3081 ΜΜΜΜΜΩἎΜΜΜΜΜΜΜΜΜΜἊ
1381 3058 1424 3076 W·

809 3255 953 3341 ODE
996 3256 1082 3342 Vl.

478 3512 520 3566 IN
541 3512 707 3571 CASSIUM
727 3514 931 3582 SEVERHM,
953 3515 1116 3571 ΡΟΕΤΛΜ
1138 3513 1382 3571 MALEDICUM.

531 3718 628 3804 Qum
640 3720 855 3789 immerentes
868 3721 1015 3815 hospites
1029 3746 1143 3807 vexas,
1156 3723 1263 3807 canis,

626 3836 771 3925 Ignarus
784 3834 960 3903 adversum
976 3833 1095 3929 lupos?

531 3944 622 4029 Quin
637 3944 704 4014 huc
718 3949 850 4033 inanes,
863 3949 890 4016 si
905 3962 1017 4042 potes,
1030 3949 1130 4018 vertis
1144 3950 1266 4029 mines,

627 4058 669 4122 Et
683 4081 736 4125 me
750 4082 977 4127 remorsurum
991 4060 1099 4153 petis?
