3325 5342
221 710 245 738 v.
265 694 316 740 ,³0
527 693 623 760 Aes
654 692 893 760 Ponrrcn.
1130 690 1199 784 329

222 824 308 908 Aut,
323 821 401 890 dum
416 823 498 890 vitat
512 822 670 909 humum,
685 822 789 891 nubes
802 834 836 889 et
850 820 959 889 inania
974 834 1091 913 captet.

221 934 364 1004 Effutire
379 933 464 1004 leves
478 936 617 1031 indigna
630 935 791 1031 tragoedia
804 959 936 1020 versus,

221 1049 271 1115 Ut
284 1046 374 1115 lestis
388 1062 542 1117 matrona
555 1049 681 1116 moveri
691 1048 783 1140 jussa
797 1046 931 1131 diebus,

223 1161 377 1230 Intererit
389 1162 514 1255 Satyris
527 1160 663 1255 paulum
677 1159 872 1254 pudibunda
885 1159 1057 1252 protervis.

222 1276 300 1346 Non
313 1301 376 1369 ego
390 1276 544 1345 inornata
556 1290 590 1344 et
603 1275 809 1344 dominantia
822 1273 959 1340 nomina
973 1271 1098 1360 solum,

223 1387 417 1481 Verbaque,
429 1389 582 1474 Pisones,
595 1391 788 1482 Satyrorum
803 1387 945 1479 scriptor
957 1386 1094 1472 amabo;

209 1501 292 1569 -Nec
306 1499 353 1567 sie
367 1500 475 1567 enitar
487 1500 614 1594 tragico
628 1497 763 1568 differre
776 1496 899 1584 colori,

222 1612 269 1678 Ut
283 1609 367 1677 nibil
383 1611 530 1694 intersit,
543 1613 700 1679 Davusne
714 1609 888 1702 loquatur,
900 1623 934 1676 et
946 1608 1054 1677 audax

222 1720 372 1813 Pythias,
385 1736 541 1790 emuncto
556 1720 682 1790 lucrata
695 1721 832 1789 Simone
845 1719 1024 1807 talentum,

221 1833 272 1900 An
287 1846 397 1901 custos
410 1832 620 1926 famulusque
633 1834 686 1902 dei
698 1832 831 1902 Silenus
845 1831 981 1901 alumni.

222 1945 272 2011 En
285 1960 366 2013 noto
380 1945 494 2014 fictum
510 1948 643 2015 carmen
657 1971 792 2039 sequar,
805 1960 844 2015 ut
857 1946 920 2014 sibi
935 1947 1044 2039 quivis

224 2057 340 2147 Speret
353 2055 459 2140 idem,
472 2056 568 2124 sudet
581 2056 742 2142 multum,
755 2057 942 2150 frustraque
956 2057 1083 2126 laboret

225 2169 336 2237 Ausus
350 2167 448 2235 idem.
461 2171 606 2235 Tantum
620 2169 720 2236 series
729 2168 954 2262 junctumque
967 2170 1085 2263 pollet,

224 2283 370 2348 Tantum
384 2278 425 2347 de
439 2277 549 2346 medio
563 2281 703 2371 sumptis
716 2278 844 2347 accedit
856 2281 1002 2350 honoris.

225 2391 325 2461 Silvis
339 2392 472 2465 deducti
486 2406 639 2480 caveant,
655 2417 708 2461 me
717 2392 848 2485 judice,
862 2395 986 2481 Fauni,

225 2508 294 2592 Ne,
307 2504 396 2574 velut
410 2505 515 2574 innati
530 2505 637 2573 triviis
649 2530 688 2573 ac
701 2529 794 2598 paene
809 2505 972 2595 forenses,

225 2623 292 2688 Aut
305 2619 445 2687 nimium
460 2620 582 2688 teneris
591 2619 794 2711 juvenentur
807 2621 955 2689 versibus
969 2646 1145 2715 umquam,

225 2736 294 2802 Aut
307 2732 479 2802 immunda
494 2747 628 2827 crepent
642 2733 929 2828 ignominiosaque
943 2735 1039 2805 dicta.

225 2847 453 2918 Offenduntur
465 2849 574 2934 enim,
588 2849 709 2943 quibus
722 2865 772 2918 est
785 2873 909 2943 equus,
922 2864 954 2920 et
968 2866 1079 2945 pater,
1092 2866 1125 2919 et
1139 2876 1208 2936 res,

225 2963 312 3047 Nec,
325 2962 352 3030 si
366 2961 448 3055 quid
461 2961 557 3030 fricti*
564 2962 679 3032 ciceris
692 2963 812 3056 probat
825 2978 858 3032 et
871 2964 966 3033 nucis
978 2979 1126 3059 emptor,

225 3074 341 3167 AEquis
353 3075 523 3168 accipiunt
533 3075 672 3163 animis,
687 3076 853 3145 donantve
867 3102 999 3147 corona.

273 3186 405 3281 Syllaba
418 3187 519 3282 longa
532 3188 624 3257 brevi
638 3190 786 3284 subjecta
799 3206 938 3260 vocatur
951 3191 1098 3277 iambus,

226 3305 287 3370 Pes
300 3302 403 3388 eitus3
415 3302 505 3371 unde
517 3304 618 3372 etiam
633 3305 793 3374 trimetris
806 3329 991 3375 accrescere
1001 3305 1099 3398 jussit

225 3415 355 3482 Nomen
370 3413 524 3500 iambeis,
537 3441 641 3509 quum
656 3442 753 3486 senos
767 3417 918 3487 redderet
932 3419 1034 3504 ictus,

226 3528 358 3596 Primus
371 3527 413 3597 ad
427 3544 612 3598 extremum
627 3530 745 3600 similis
758 3531 830 3601 sibi.
846 3535 923 3603 Non
938 3534 984 3601 ita
998 3530 1144 3625 pridem,

225 3640 366 3710 Tardior
379 3655 417 3710 ut
429 3641 530 3735 paulo
545 3643 884 3738 graviorque'veniret
898 3645 941 3713 ad
955 3670 1068 3728 aures,
1125 3719 1128 3726 4

225 3753 395 3847 Spondeos
409 3753 543 3823 stabiles
557 3757 591 3823 in
603 3757 681 3849 jura
695 3771 833 3851 paterna
848 3758 974 3851 recepit

226 3868 431 3937 Commodus
444 3884 477 3937 et
491 3870 637 3963 patiens3
651 3896 719 3938 non
733 3886 771 3939 ut
788 3871 828 3939 de
843 3870 918 3940 sede
932 3870 1075 3939 secunda

226 3979 365 4048 Cederet
379 3995 567 4074 autquarta
581 3981 754 4051 socialiter.
770 3983 834 4052 Hic
846 3999 880 4051 et
895 3984 928 4050 in
942 3984 1020 4051 Acci

226 4092 402 4163 Nobilibus
416 4096 575 4164 trimetris
588 4111 727 4189 apparet
742 4121 854 4182 rarus,
867 4109 900 4163 et
913 4095 1000 4164 Enni
