3325 5342
464 674 507 742 82
692 676 734 763 Q.
766 674 989 742 nourrii
1015 672 1210 741 rancor

605 808 681 876 Non
697 805 762 872 hor
772 805 893 896 jocosa
907 803 1079 871 conveniat
1094 801 1178 896 lyrae.
1256 863 1259 870 ,

606 922 702 1007 Quo,
717 921 833 1004 Musa,
847 916 977 985 tendis?
990 917 1103 985 desine
1117 917 1268 1009 pervicax

655 1030 790 1100 Referre
805 1056 973 1099 sermones
986 1033 1153 1115 Deorum,
1166 1045 1200 1098 et

703 1145 827 1238 Magna
843 1142 949 1211 modis
963 1158 1099 1211 tenuare
1111 1144 1231 1237 parvis.

464 1434 780 1456 mmmfflwss

816 1667 957 1752 ODE
1000 1667 1086 1751 IV.

492 1987 495 1996 ·
607 1965 792 2031 Drscnuue
806 1959 907 2046 coelo,
919 1975 953 2029 et
967 1960 1038 2046 dic,
1051 1986 1129 2056 age,
1142 1962 1225 2031 tibia

606 2077 732 2168 Regina
748 2074 885 2169 longum
899 2074 1049 2169 Calliope
1063 2075 1183 2161 melos,

653 2193 718 2258 Seu
734 2215 812 2257 voce
825 2215 915 2258 nunc
929 2192 1033 2259 mavis
1046 2206 1158 2278 acuta,
1269 2217 1272 2226 ’

700 2305 763 2371 Seu
779 2303 919 2389 fidibus,
932 2304 1098 2373 citharave
1111 2305 1236 2373 Phoebi.

607 2554 760 2623 Auditis?
772 2579 814 2623 an
830 2580 883 2624 me
898 2554 984 2624 ludit
997 2556 1149 2625 amabilis

605 2668 758 2738 Insania?
771 2668 889 2738 audire
901 2684 935 2738 et
948 2669 1063 2739 videor
1077 2672 1150 2763 pios

651 2785 771 2851 Errare
784 2808 844 2875 per
858 2781 965 2865 lucos,
979 2808 1115 2852 amuenoe

699 2897 794 2984 Quos
807 2910 840 2964 et
852 2921 946 2989 aquae
959 2897 1101 2965 subeunt
1114 2911 1148 2964 et
1161 2921 1257 2966 aurae.

602 3145 658 3210 Me
672 3139 826 3210 fabulosa
840 3139 982 3210 Vulture
997 3142 1031 3209 in
1046 3140 1198 3234 Appula,
1290 3187 1298 3204 .

539 3247 545 3260 ’
604 3254 737 3325 Attricis
750 3270 842 3324 extra
858 3254 958 3324 limen
974 3254 1121 3348 Apulia,

650 3369 747 3438 Ludo
760 3369 1001 3464 fatigatumque
1014 3393 1130 3438 somno
1270 3421 1283 3442 .

697 3483 827 3552 Fronde
841 3508 927 3551 nova
940 3507 1079 3576 puerum
1095 3481 1265 3576 palumbes

601 3725 741 3807 Texere3
755 3723 877 3790 mirum
892 3721 982 3815 quod
997 3721 1082 3790 foret
1096 3723 1268 3806 omnibus,

600 3835 811 3929 Quicumque
825 3835 918 3904 celsae
932 3835 1049 3904 nidmu
1064 3836 1288 3918 Acheruntia,

647 3948 821 4042 Saltusque
835 3950 1013 4034 Bantinos,
1026 3965 1058 4020 ct
1072 3975 1188 4021 arvum

695 4061 823 4154 Pingue
836 4076 949 4164 terqit
962 4063 1097 4133 humitis
1112 4065 1262 4148 Forenti,
