3325 5342
459 667 529 738 αφ
686 643 728 730 Q.
759 644 984 711 nostru
1016 644 1213 714 reieci

457 893 727 914 mmm

697 1081 1025 1168 EPISTOLA
1068 1084 1204 1171 XVI.

776 1335 834 1389 ΔΙ)
860 1335 1127 1404 QUINctht.

420 1561 426 1574 '
458 1567 512 1636 Nu
525 1562 745 1655 perconteris,
758 1559 881 1630 fundus
895 1583 1005 1643 meus,
1018 1560 1144 1652 optime
1156 1562 1312 1651 Quincti,

460 1683 548 1747 Arvo
561 1690 673 1769 pascat
685 1674 823 1758 herum,
836 1693 879 1740 an
892 1673 1001 1741 baccis
1015 1672 1186 1767 opulentet
1199 1675 1311 1764 olivae,

459 1791 613 1859 Pomisnc
626 1803 659 1856 et
672 1787 793 1881 pratis,
805 1812 848 1855 an
862 1787 983 1855 amicta
997 1786 1120 1856 vitibus
1134 1787 1243 1874 ulm03

458 1901 628 1972 Scribetur
641 1900 701 1966 tibi
716 1898 823 1967 forma
836 1898 1034 1991 loquaciter,
1047 1913 1078 1967 et
1092 1901 1174 1970 situs
1187 1903 1269 1995 agri.

459 2014 618 2085 Continui
632 2026 779 2098 montes,
792 2013 826 2078 ni
843 2011 1062 2081 dissocientur
1075 2037 1176 2107 opaca

459 2126 572 2211 Vallc3
585 2127 642 2195 sed
655 2140 693 2194 ut
705 2125 841 2195 venicus
855 2125 1008 2193 dextrum
1023 2124 1109 2194 latus
1122 2126 1283 2220 adspiciat
1297 2128 1366 2212 sol,

460 2244 594 2309 Laevum
609 2239 779 2308 discedens
793 2264 894 2308 curru
910 2238 1057 2332 fugiente
1070 2254 1214 2332 vaporet

458 2353 664 2446 Temperiem
681 2351 803 2422 laudes.
817 2351 934 2440 Quid?
948 2351 974 2420 si
990 2352 1175 2421 rubicunda
1187 2353 1325 2448 benigni

459 2471 571 2538 Corne
584 2491 699 2560 vepres
711 2480 743 2534 et
757 2489 866 2559 pruna
880 2464 1009 2535 ferant?
1022 2466 1048 2534 si
1063 2490 1203 2559 quercus
1217 2482 1250 2535 et
1263 2466 1329 2535 ilex

459 2577 568 2647 Multa
581 2578 677 2671 fruge
691 2602 809 2672 pecus,
822 2576 927 2646 multa
941 2577 1115 2646 dominum
1126 2579 1220 2672 juvet
1234 2581 1380 2650 umbra?

460 2694 560 2762 Dicas
573 2690 753 2763 adductum
768 2693 906 2787 propius
920 2693 1074 2762 frondere
1088 2697 1279 2763 Tarentum.

459 2811 546 2874 Fons
558 2807 658 2875 etiam
674 2806 745 2875 rivo
760 2805 839 2874 dare
852 2830 973 2874 nornen
989 2805 1146 2890 idoneus,
1157 2821 1194 2875 ut
1209 2831 1270 2875 nec

459 2919 626 3012 Frigidior
638 2917 820 3004 Thracam,
834 2943 894 2986 nec
907 2919 1024 3011 purior
1038 2919 1163 2987 ambiat
1176 2919 1326 3006 Hebrus,

459 3030 598 3099 Infirmo
612 3031 713 3124 capiti
727 3030 802 3098 fluit
816 3029 927 3114 utilis,
942 3029 1033 3098 utilis
1047 3030 1131 3100 alvo.

459 3146 517 3212 Hae
531 3143 664 3213 latebrre
677 3142 808 3231 dulces,
819 3158 853 3211 et
863 3144 951 3235 jam,
965 3145 992 3213 si
1006 3144 1129 3229 credis,
1142 3168 1295 3229 amoeuae,

459 3255 662 3325 Incolumem
677 3257 738 3325 tibi
752 3281 805 3326 me
818 3270 976 3350 proestaut
989 3257 1237 3351 Septembribus
1250 3258 1355 3327 boris.

505 3375 557 3439 Tu
571 3387 658 3441 recte
671 3372 772 3458 vivis,
785 3372 812 3439 si
826 3396 924 3439 curas
937 3396 1024 3458 esse,
1037 3372 1128 3465 quod
1141 3372 1253 3451 audis;

459 3487 624 3553 lactamus
633 3484 834 3577 jampridem
848 3485 958 3552 omnis
973 3499 1004 3552 te
1018 3488 1125 3553 Roma
1138 3485 1281 3553 beatum.

354 3591 360 3604 ’
458 3597 523 3665 Sed
536 3622 667 3683 vereor,
679 3621 721 3665 ne
734 3598 788 3665 cui
804 3597 845 3665 de
859 3612 892 3666 te
905 3596 999 3691 plus,
1011 3622 1112 3691 quarn
1127 3598 1188 3665 tibi
1202 3596 1336 3682 credas,

459 3712 549 3779 Neve
561 3725 657 3802 putes
671 3708 774 3780 aliurn
787 3711 935 3803 sapiente
948 3710 1104 3804 bonoque
1118 3710 1270 3795 beatum;

460 3824 552 3904 Neu,
566 3823 592 3890 si
607 3836 639 3889 te
652 3821 796 3915 populus
809 3848 927 3891 sanum
942 3837 1095 3916 recteque
1110 3821 1274 3891 valentem

460 3934 614 4019 Dictitet,
627 3934 789 4003 occultam
804 3935 931 4004 febrem
945 3936 1006 4004 sub
1021 3951 1151 4029 tempus
1164 3933 1283 4002 edendi

460 4045 673 4132 Dissimules,
686 4047 791 4117 donec
805 4048 959 4117 manibus
972 4062 1098 4117 tremor
1111 4045 1233 4119 incidat
1245 4046 1370 4114 unctis.
