3325 5342
430 717 471 798 14
638 704 1177 802 .Q.H0nAT11FLAcct

565 850 630 932 Te,
643 845 743 914 boves
755 841 837 911 olim
852 843 915 910 nisi
930 840 1127 910 reddidisses

564 962 628 1028 Per
641 958 755 1028 dolum
769 970 914 1042 emotae,
927 974 1068 1049 puerum
1083 956 1203 1024 minaci

565 1075 657 1141 Voee
670 1070 749 1140 dum
766 1085 886 1158 terret,
899 1069 1019 1139 viduus
1033 1070 1187 1163 pharetm

711 1187 797 1255 Risit
811 1184 941 1279 Apollo.

564 1415 657 1503 Quin
672 1426 705 1483 et
719 1413 871 1498 Atridas,
884 1412 968 1481 duee
982 1426 1031 1498 te,
1045 1414 1221 1506 superbos,

498 1590 500 1593 ,
565 1527 629 1595 llio
644 1527 735 1595 dives
748 1526 901 1594 Priamus
914 1526 1047 1611 relicto,

564 1639 802 1734 Thessalosque
816 1641 926 1734 ignes,
939 1655 972 1708 et
987 1640 1099 1732 iniqua
1113 1642 1220 1732 Trojae

707 1757 825 1825 castri
839 1754 963 1825 feienis.

564 1984 615 2048 Tu
629 1981 700 2072 pies
715 1978 797 2048 laetis
810 1981 938 2049 animes
953 1980 1086 2073 seponis

564 2091 721 2178 Sedibus,
734 2093 894 2188 virgaque
907 2093 1011 2162 lesem
1027 2112 1158 2163 coerces

565 2208 675 2276 Autea
690 2207 840 2294 turbam,
854 2209 981 2302 superis
995 2211 1143 2277 Deorum

707 2324 833 2392 Gratus
846 2337 880 2390 et
894 2323 978 2390 imis.

419 2570 1008 2592 mmmmm
1011 2570 1402 2591 mmmmm

778 2781 920 2867 ODE
960 2782 1052 2866 XI.

715 3019 777 3074 AD
804 3016 1102 3074 LEUCONOEN.

416 3232 469 3298 Tu
484 3252 525 3296 ne
539 3225 723 3321 quesieris,
737 3224 819 3295 seire
835 3222 942 3311 nefas,
957 3246 1055 3319 quem
1070 3224 1170 3313 mibi,
1184 3248 1281 3321 quem
1297 3230 1356 3297 tibi

417 3339 532 3408 Finem
547 3340 592 3408 Di
608 3334 777 3425 dederint,
791 3316 984 3423 Leuconoe
999 3356 1060 3406 net
1074 3329 1271 3433 Babylonius

415 3454 567 3523 Tenteris
581 3474 746 3523 numeros.
762 3450 810 3523 Ut
822 3452 959 3539 melius,
972 3446 1135 3546 quidquid
1148 3454 1229 3539 erit,
1243 3452 1327 3547 pati!

417 3569 481 3635 Seu
496 3565 607 3659 plures
620 3566 762 3653 hiemes,
776 3588 834 3636 seu
848 3560 966 3634 tribuit
979 3564 1109 3659 Jupiter
1121 3563 1291 3652 ultimam,

417 3680 501 3767 Quae
516 3704 604 3747 nunc
618 3680 778 3773 oppositis
793 3677 944 3749 debilitat
959 3678 1146 3771 pumicibus
1160 3703 1251 3746 mure

416 3791 634 3885 Tyrrhenum.
649 3788 782 3886 Sepias,
795 3794 873 3862 vina
887 3786 1008 3887 liques,
1021 3805 1055 3860 et
1068 3792 1175 3885 spatio
1189 3791 1280 3860 brevi

416 3908 514 3997 Spem
529 3904 663 4000 longam
678 3926 809 3978 reseces.
829 3904 923 3978 Dum
937 3904 1122 4002 loquimur,
1135 3905 1257 4002 fugerit
1270 3906 1382 3974 invida

417 4022 525 4107 AEtas;
539 4045 637 4113 caepe
650 4016 755 4109 diem,
770 4042 870 4116 quam
886 4022 1060 4092 minimum
1075 4012 1209 4092 credula
1224 4035 1365 4114 postero.
