3325 5342
472 680 541 751 228
698 681 740 767 Q.
771 677 998 747 HORATII
1031 676 1226 745 FLACCI

469 931 515 951 Μ

771 1116 1015 1206 SATIRA
1057 1118 1148 1203 ΙΙΙ.

816 1397 871 1442 na
880 1397 908 1441 ir
917 1395 1104 1442 asianus.

376 1508 380 1519 ’
469 1493 527 1560 Sic
542 1514 617 1558 raro
632 1487 766 1571 scribis,
780 1500 817 1554 ut
831 1498 904 1554 toto
917 1509 985 1553 non
1001 1498 1119 1578 quater
1131 1510 1220 1555 anno

469 1602 699 1672 Membranam
714 1623 848 1693 poscas,
861 1597 1060 1690 scriptorum
1075 1622 1213 1692 queque
1228 1615 1395 1689 retexens,

469 1720 579 1784 Iratus
592 1714 673 1797 tibi,
685 1711 777 1807 quod
791 1712 861 1780 vini
875 1711 1050 1804 somnique
1063 1710 1227 1807 benignus

469 1827 526 1899 Nil
541 1827 680 1921 dignum
695 1848 848 1894 sermone
861 1848 969 1894 canas.
986 1825 1080 1913 Quid
1094 1824 1173 1895 fiet?
1186 1828 1237 1896 Ab
1252 1829 1333 1922 ipsis

469 1937 699 2010 Saturnalibus
712 1937 779 2005 hnc
792 1936 917 2030 fugisti.
931 1937 1069 2006 Sobrius
1082 1961 1162 2033 ergo

468 2054 535 2124 Dic
547 2050 675 2146 aliquid
689 2050 828 2145 dignum
843 2032 1032 2144 promissis,
1045 2052 1163 2146 incipe.
1178 2053 1234 2123 Nil
1248 2069 1306 2123 est

469 2164 658 2262 Qulpantur
672 2164 795 2234 lmstru
807 2162 945 2252 calami,
959 2166 1209 2261 immeritusque
1222 2167 1352 2236 laborat

469 2279 569 2351 lratis
581 2294 678 2348 natus
693 2280 800 2373 paries
814 2279 879 2348 Dis
891 2293 990 2372 atque
1004 2281 1119 2372 poetis.

469 2393 570 2487 Atqui
584 2391 694 2462 vultus
708 2407 780 2461 erat
793 2391 899 2463 multa
912 2407 944 2462 et
959 2393 1115 2487 praeclara
1129 2396 1304 2480 minantis,

468 2508 503 2577 Si
518 2531 658 2576 vacuum
673 2506 785 2600 tepido
799 2507 939 2600 cepisset
952 2506 1067 2576 villula
1081 2522 1177 2577 tecto.

419 2692 422 2699 ,
469 2623 640 2709 Quorsum
655 2621 816 2715 pertinuit
830 2622 954 2716 stipare
968 2621 1106 2691 Platona
1119 2624 1328 2693 Menandro?

469 2734 633 2829 Eupolin,
646 2735 880 2823 Archilocum,
893 2737 1029 2806 comites
1043 2736 1182 2808 educere
1196 2739 1327 2809 tantos?

470 2850 633 2920 Invidiam
649 2850 779 2944 placare
792 2875 907 2944 paras,
920 2852 1043 2921 virtute
1057 2850 1193 2921 relicta?

469 2967 708 3048 Contemnere,
723 2963 831 3032 miser.
848 2962 994 3033 Vitanda
1008 2979 1059 3034 est
1074 2965 1225 3059 improba
1237 2967 1332 3035 Siren

469 3075 624 3161 Desidia,
636 3090 712 3161 aut,
726 3075 890 3169 quidquid
904 3076 972 3145 vita
986 3076 1122 3146 meliore
1136 3078 1275 3171 parasti,

470 3189 665 3260 Ponendum
678 3214 772 3283 aequo
786 3190 908 3259 animo.

848 3326 1011 3373 nonam
1020 3328 1076 3374 ns.

928 3419 974 3486 Di
988 3432 1039 3504 te,
1051 3420 1271 3515 Damasippe,
1284 3424 1428 3515 Deaeque

469 3531 594 3597 Verum
609 3530 652 3598 ob
667 3529 845 3600 consilium
860 3529 985 3600 donent
998 3529 1148 3602 tonsore!
1163 3532 1228 3603 Sed
1241 3532 1330 3602 unde

468 3644 551 3711 Tam
565 3642 649 3712 bene
663 3668 716 3712 me
730 3643 841 3714 nosti?

819 3780 1106 3829 nauasrrans.

849 3873 1029 3965 Postquam
1043 3873 1152 3941 omnis
1168 3898 1219 3942 res
1232 3896 1306 3941 mea
1317 3876 1440 3941 Janum

471 3977 523 4046 Ad
538 3978 684 4049 medium
700 3982 803 4052 fracta
817 3998 886 4071 est,
898 3982 1006 4054 aliena
1021 3986 1152 4080 negotia
1166 4011 1264 4069 cum,

469 4092 634 4161 Excussae
648 4095 802 4186 propriis.
818 4094 911 4167 Olim
925 4120 1002 4167 narn
1017 4123 1162 4192 quaemre
1175 4098 1326 4168 amabam
