3325 5342
557 643 775 709 EPODON
807 642 973 708 LIBER.
1193 643 1255 740 175

369 773 471 845 Voles
485 772 614 855 sonari;
625 786 663 839 tu
677 770 815 864 pudica,
828 771 1000 864 mprobe,

372 882 619 957 Perambulabis
631 897 719 952 astra
733 882 825 951 sidus
838 906 985 952 aureum.

371 999 509 1069 Infamis
521 996 655 1066 Helenae
668 998 788 1065 Castor
800 995 948 1064 offensus
962 999 1048 1084 vice,

373 1119 552 1206 Fraterque
566 1111 679 1205 magni
693 1110 859 1194 Castoris,
871 1110 949 1178 victi
965 1137 1078 1205 prece,

372 1226 535 1318 Adempta
549 1223 615 1291 vati
632 1219 804 1289 reddidere
818 1219 953 1289 lumina.

374 1344 416 1409 Et
430 1354 484 1423 tu,
496 1351 590 1431 potes
604 1359 698 1420 nam,
712 1333 802 1402 solve
815 1359 869 1417 me
882 1334 1064 1422 dementia,

374 1457 406 1522 O
420 1477 479 1521 nec
492 1450 639 1545 paternis
652 1446 798 1516 obsoleta
814 1448 983 1535 sordibus,

304 1572 306 1575 ’
373 1569 443 1639 Nec
457 1567 490 1632 in
504 1561 664 1657 sepulcris
677 1585 862 1655 pauperum
876 1562 1021 1655 prudens
1034 1589 1116 1633 anus

373 1676 607 1750 Noeemdiales
620 1675 779 1768 dissipare
792 1673 958 1768 pulveres!

373 1795 448 1864 Tibi
462 1791 625 1887 hospitale
638 1805 773 1884 pectus,
785 1804 818 1857 et
830 1814 921 1883 purae
934 1815 1069 1880 manus,

374 1912 530 2000 Tuusque
543 1918 658 1973 venter
671 1902 899 1995 Pactumeius,
911 1918 944 1971 et
957 1918 1015 1972 tuo

375 2024 503 2091 Cruore
517 2018 635 2087 rubros
649 2018 809 2085 obstetrix
823 2041 952 2109 pannos
966 2017 1062 2100 lavit,

348 2137 564 2225 ,Utcumque
577 2131 672 2222 fortis
684 2130 794 2199 exsilis
807 2154 979 2224 puerpera.

676 2268 754 2314 curs
763 2268 773 2312 1
782 2267 865 2313 orn.

376 2358 468 2448 Quid
480 2359 641 2427 obseratis
654 2358 790 2427 auribus
804 2357 917 2429 fundis
931 2358 1066 2452 preces?

376 2476 452 2543 Non
466 2497 543 2542 saxa
557 2454 655 2541 nudis
670 2472 822 2541 surdiora
837 2473 956 2541 navitis

375 2587 550 2679 Neptunus
563 2583 632 2652 alto
645 2583 757 2652 tundit
771 2583 930 2653 hibernus
944 2583 1021 2653 salo.

376 2697 507 2767 inultus
520 2712 557 2765 ut
570 2711 607 2766 tu
622 2697 734 2766 riseris
746 2698 884 2791 Cocytia

376 2811 539 2905 Vulgata,
551 2836 681 2879 sacrum
695 2810 791 2879 liberi
804 2811 1004 2905 Cupidinis?

376 2927 418 2992 Et
430 2923 600 3017 Esquilini
614 2923 763 3017 pontifex
776 2922 913 2992 venefici

377 3039 519 3130 Impune
532 3051 570 3105 ut
582 3037 711 3107 Urbem
726 3038 862 3105 nomine
876 3035 1023 3130 impleris
1036 3035 1133 3103 meo?

377 3146 470 3238 Quid
483 3147 639 3242 proderat
653 3149 775 3218 ditasse
787 3148 942 3243 Pelignas
956 3174 1055 3235 anus,

378 3263 600 3356 velociusque
613 3264 784 3333 miscuisse
798 3262 967 3332 toxicum?

318 3416 320 3421 ·
377 3377 442 3446 Sed
456 3375 602 3445 tardiora
616 3376 683 3447 lata
697 3392 730 3447 te
744 3380 829 3447 votis
843 3393 995 3465 manent;

377 3494 512 3585 Ingrata
525 3491 646 3559 misero
660 3492 727 3559 vita
742 3491 892 3562 ducenda
905 3505 972 3576 est,
986 3492 1019 3559 iu
1034 3491 1114 3577 boc,

378 3605 480 3674 Novis
494 3619 530 3672 ut
544 3629 650 3697 usque
663 3621 818 3699 suppetas
833 3604 1011 3674 doloribus.

264 3774 267 3778 .
377 3720 481 3810 Optat
494 3718 638 3810 quietem
653 3716 784 3813 Pelopis
799 3716 922 3787 infidus
937 3731 1045 3810 pater,

377 3833 485 3925 Egens
498 3830 650 3925 benignu
663 3830 821 3900 Tantalus
836 3853 965 3923 semper
978 3828 1089 3921 dapis;

377 3946 480 4036 Optat
493 3944 710 4013 Prometheus
724 3943 892 4038 obligatus
906 3940 995 4026 aliti3

378 4058 481 4148 Optat
495 4081 649 4149 supremo
664 4054 826 4124 collocare
840 4053 998 4146 Sisyphus
