3325 5342
491 692 553 777 164
711 694 752 778 Q.
784 692 1008 759 HORATII
1041 695 1235 762 FLACCI

673 819 762 889 Galli
776 833 930 887 canentes
942 822 1122 905 Caesareni3

576 933 819 1024 Hostiliumque
835 932 968 999 naviuin
982 949 1082 1026 portu
1097 933 1200 1003 latent

671 1048 802 1138 l‘uppes
815 1045 1041 1113 sinistrorsum
1056 1048 1137 1116 citae.

575 1165 613 1229 lo
627 1144 809 1253 triumphe!
826 1174 863 1227 tu
878 1161 1018 1229 mortuis
1030 1185 1148 1230 aureos

670 1278 814 1358 Currus,
828 1288 862 1341 et
875 1274 1014 1342 intactas
1026 1275 1144 1361 boves3

573 1391 611 1456 Io
626 1382 810 1480 triumphe!
828 1410 889 1454 nec
900 1387 1104 1480 Jugurthino
1119 1414 1231 1482 parem

669 1499 759 1568 Bello
775 1500 948 1592 reportasti
963 1499 1098 1586 ducein,

572 1613 686 1703 Neque
700 1611 910 1693 Africanum,
922 1611 975 1677 cui
990 1635 1090 1703 super
1101 1613 1338 1707 Carthaginem

667 1722 782 1788 Virtus
796 1718 984 1812 sepulcrum
998 1722 1156 1790 condidit.

568 1838 670 1902 Terra
684 1835 831 1924 marique
847 1833 952 1901 victus
966 1833 1087 1921 hostis,
1101 1837 1222 1928 punico

665 1945 822 2038 Lugubre
836 1947 975 2014 mutavit
988 1972 1115 2041 sagum.

568 2062 633 2127 Aut
648 2057 703 2126 ille
716 2073 850 2126 centum
864 2058 1010 2127 nobilem
1023 2064 1155 2129 Cretam
1172 2061 1329 2147 urbibus,

663 2172 780 2239 Ventis
795 2172 902 2239 iturus
916 2196 984 2239 non
1000 2173 1085 2253 suis,

566 2284 768 2352 Exercitatas
781 2298 840 2352 aut
853 2285 936 2378 petit
948 2288 1059 2378 Syrtes
1073 2288 1180 2369 Noto,

665 2401 728 2465 Aut
742 2398 847 2466 fertur
861 2399 986 2467 incerto
1001 2386 1094 2468 inari.

568 2511 764 2603 Capaciores
778 2510 863 2579 affer
876 2511 958 2598 hue,
972 2536 1071 2605 puer,
1084 2512 1239 2606 scyphos,

663 2625 704 2690 Et
717 2623 802 2691 Chia
816 2623 910 2709 vina,
923 2639 981 2691 aut
995 2624 1131 2708 lesbio,

473 2758 478 2770 ⁴
566 2735 625 2802 Vel
636 2788 645 2817 ‚
658 2735 748 2827 quod
762 2735 918 2804 fluentem
933 2760 1090 2804 nauseam
1103 2737 1268 2819 coereeat,

661 2849 779 2917 Metire
792 2849 890 2918 nobis
902 2849 1091 2918 Caecubum.

566 2966 688 3032 Curam
703 2977 894 3056 metumque
906 2963 1044 3032 Ctesaris
1058 2988 1168 3030 rerum
1179 2964 1276 3055 juvat

660 3076 759 3146 Duici
773 3076 855 3171 iyaeo
869 3076 1004 3145 solvere.

707 3691 753 3744 ΙΝ
781 3691 985 3746 MAEVIUM
1012 3691 1206 3746 ΡΟΕΤΑΜ.

609 3876 715 3940 MALA
730 3873 837 3941 soluta
852 3875 944 3942 navis
957 3873 1024 3941 exit
1037 3872 1130 3958 alite,

706 3990 730 4052 F
731 4012 827 4053 erens
839 3985 982 4054 oientern
996 3987 1163 4055 Maeviuin.

608 4097 656 4161 Ut
668 4095 812 4164 horridis
825 4111 1004 4189 utrumque
1018 4097 1168 4165 verberes
1182 4093 1284 4177 latus,
