3325 5342
422 703 487 772 170
649 682 690 766 Q.
723 682 948 748 nostru
973 683 1167 749 reieci

412 893 1397 916 ΜΆΜΜΜΜΜΜΜΜΜἊΜΜΜ

755 1060 900 1147 ODE
949 1060 1061 1146 XV.

766 1288 825 1342 AD
845 1288 1052 1343 NEAERAM.

464 1493 543 1559 Nox
556 1503 643 1575 erat,
656 1503 688 1556 et
701 1485 783 1555 coelo
799 1484 948 1579 fulgebat
962 1484 1040 1553 luna
1058 1512 1173 1556 sereno

607 1604 698 1669 Inter
711 1602 840 1667 minora
855 1598 982 1682 sidera,

462 1715 575 1803 Quum
591 1726 645 1797 tu,
659 1734 856 1803 magnorum
873 1734 996 1778 numen
1011 1708 1128 1781 laesura
1142 1715 1311 1799 Deorum,

606 1825 646 1891 In
662 1821 761 1889 verba
772 1821 911 1913 jurabas
925 1846 1016 1910 mea,

462 1937 610 2021 Aietius,
623 1950 722 2027 atque
736 1934 858 2003 hedera
871 1961 1008 2029 prooera
1023 1935 1243 2031 adstringitur
1258 1938 1340 2025 ilex,

607 2048 721 2117 Lentis
735 2047 907 2117 adhaerens
921 2049 1084 2135 brachiis,

462 2165 553 2231 Dum
567 2162 678 2254 peoori
694 2158 809 2253 lupus,
822 2175 856 2228 et
870 2163 980 2230 nautis
995 2160 1133 2232 infestus
1146 2165 1252 2234 Orion

608 2274 772 2344 Turharet
785 2273 963 2343 hibernum
978 2300 1088 2359 mate,

463 2394 682 2481 Intonsosque
695 2387 836 2481 agitaret
849 2387 1014 2481 Apollinis
1028 2413 1110 2457 aura
1122 2390 1277 2484 capillos,

611 2505 695 2571 Fore
708 2501 797 2569 hunc
810 2525 958 2571 amorem
974 2518 1137 2572 mutuum.

465 2619 497 2684 0
511 2614 656 2683 dolitura
669 2638 741 2682 mea
754 2612 897 2683 multum
912 2614 1035 2683 virtute
1049 2612 1180 2686 Neaera!

609 2730 695 2797 Nam
709 2728 734 2795 si
748 2727 830 2820 quid
846 2729 880 2795 in
896 2727 1013 2797 Flacco
1028 2729 1090 2795 viri
1104 2744 1171 2811 est,

466 2843 542 2910 Non
559 2839 640 2908 feret
653 2838 801 2908 assiduas
814 2840 938 2932 potiori
954 2854 985 2906 te
1000 2838 1078 2907 dare
1093 2853 1224 2923 noctes,

609 2955 652 3021 Et
665 2966 790 3046 quaeret
804 2953 908 3021 iratus
922 2975 1053 3045 parem3

465 3067 535 3135 Nec
548 3063 645 3134 semel
661 3063 795 3133 ollensae
809 3063 903 3140 (sedet
915 3062 1101 3131 oonstantia
1115 3061 1247 3147 formae,

611 3180 646 3248 Si
660 3192 769 3247 certus
784 3178 919 3246 intrarit
933 3175 1038 3245 dolor.

468 3295 508 3360 Et
522 3305 577 3379 tu,
590 3294 791 3386 quicumque
803 3318 839 3360 es
853 3290 1110 3383 selieior,'atque
1125 3315 1198 3358 meo
1211 3315 1300 3361 nunc

610 3405 779 3500 Superbus
794 3404 919 3474 incedis
934 3402 1040 3489 malo,

466 3520 518 3588 Sis
531 3545 648 3613 pecore
661 3536 694 3588 et
707 3520 813 3589 multa
827 3520 919 3588 dives
932 3517 1050 3586 tellure
1066 3516 1194 3601 licebit,

610 3631 753 3725 Tibique
766 3630 921 3700 Pactolus
936 3630 1035 3715 fluat,

468 3745 538 3812 Neo
550 3757 582 3811 te
596 3744 790 3839 Pythagorae
804 3743 920 3813 fallant
934 3768 1054 3812 arcana
1071 3742 1193 3825 renati,

613 3859 799 3950 Formaque
813 3858 926 3926 vincas
941 3859 1058 3936 Nirea,
1149 3862 1153 3868 '

468 3961 578 4032 Eheu!
594 3967 771 4036 translatos
785 3968 852 4037 alio
866 3969 1017 4038 maerebis
1030 3989 1178 4047 amores;

613 4081 670 4145 Ast
685 4105 747 4173 ego
761 4082 904 4148 vicissim
920 4083 1032 4149 risero.
