3325 5342
439 552 748 625 SATIRARUM
779 550 937 619 LIBER
966 552 992 617 Ι.
1024 574 1074 617 ro.
1167 549 1236 620 215

255 798 1239 827 ΜΜΜΜΜΜΜΜΜΜΜΜἈΜ

577 990 819 1081 SATIRA
863 993 922 1080 X.

258 1235 425 1332 [Lucm1,
439 1257 539 1327 quam
553 1232 597 1300 sis
610 1228 806 1314 mendosus,
820 1243 902 1299 teste
915 1232 1042 1299 Catone

256 1348 439 1419 Defensore
452 1361 511 1416 tuo
526 1344 735 1439 pervincam,
749 1343 806 1437 qui
820 1342 906 1413 male
920 1343 1024 1413 factos

258 1461 443 1531 Emendare
456 1474 551 1555 parat
564 1482 687 1529 versus.
702 1460 775 1525 lloc
788 1455 895 1525 lenius
910 1456 980 1543 ille,

257 1578 316 1645 Est
328 1600 395 1668 quo
409 1575 460 1647 vir
472 1573 609 1659 melior3
623 1572 722 1666 louge
735 1570 890 1639 subtilior
903 1568 979 1655 illo,

257 1689 325 1777 Qui
339 1686 482 1756 multum
497 1712 581 1781 puer
593 1701 627 1755 et
642 1685 721 1755 loris
735 1699 768 1753 et
783 1683 919 1752 funibus
932 1683 1007 1751 udis

256 1805 460 1888 Exornatus,
472 1817 511 1870 ut
523 1814 608 1871 esset
621 1824 719 1894 opem
734 1799 792 1893 qui
806 1797 893 1866 ferre
906 1799 1012 1890 poetis

256 1915 414 2008 Antiquis
427 1930 538 2010 posset
551 1927 669 1985 contra
683 1912 815 1981 fastidia
829 1925 962 1995 nostra,

256 2028 557 2098 Grammaticorum
565 2022 1239 2121 equitumdoctissimus.Utredeamilluc]

253 2255 382 2324 Nauem
398 2255 618 2348 incomposito
633 2253 701 2323 dixi
715 2252 800 2346 pede
814 2276 948 2322 currere
960 2276 1075 2321 versus

254 2368 372 2437 Lucili.
387 2371 472 2459 Quis
487 2385 554 2439 tam
568 2369 680 2440 Lucili
694 2369 806 2439 fautor
822 2369 933 2461 inepte
946 2383 1012 2453 est,

253 2484 300 2550 Ut
312 2508 379 2550 nou
394 2484 458 2552 hoc
472 2483 636 2554 fateatur?
651 2487 696 2553 At
709 2483 816 2567 idem,
830 2481 921 2575 quod
934 2481 1000 2550 sale
1014 2480 1121 2550 multo

253 2594 378 2664 Urbem
393 2597 565 2681 defricuit,
579 2598 694 2666 charta
708 2596 864 2665 laudatur
877 2595 1002 2664 eadem.

252 2711 322 2779 Nec
329 2724 436 2778 tamen
445 2711 508 2779 hoc
515 2710 828 2796 tribueus‚dederim
834 2734 967 2803 quoque
973 2722 1181 2793 caetem3nam
1190 2708 1236 2775 sic

253 2824 296 2889 Et
309 2823 430 2893 Laberi
445 2824 582 2908 mimos,
597 2836 635 2891 ut
649 2822 787 2915 pulchra
803 2836 972 2916 poemata,
986 2822 1096 2890 mirer.

251 2936 340 3029 Ergo
356 2961 422 3003 nou
437 2935 515 3005 satis
528 2950 577 3005 est
593 2936 661 3005 risu
675 2936 833 3004 diducere
848 2936 967 3004 rictum

254 3047 441 3134 Auditoris3
455 3064 488 3117 et
500 3064 549 3119 est
564 3049 714 3144 quaedam
729 3064 839 3119 tamen
854 3049 910 3118 hic
923 3072 1056 3142 quoque
1069 3049 1182 3116 virtus.

252 3163 310 3228 Est
322 3160 482 3230 brevitate
496 3186 597 3253 opus,
611 3177 650 3231 ut
662 3176 775 3231 currat
788 3163 968 3247 sententia,
982 3185 1046 3230 neu
1060 3185 1095 3229 se

252 3274 415 3367 Impediat
428 3276 537 3343 verbis
550 3275 651 3345 lassas
665 3276 883 3349 onerantibus
896 3300 1011 3360 aures;

251 3387 293 3451 Et
307 3410 456 3454 sermone
470 3412 554 3480 opus
567 3403 616 3457 est
629 3389 731 3459 modo
745 3389 850 3475 tristi,
864 3413 948 3482 saepe
958 3388 1092 3479 jocoso,

250 3498 457 3568 Defendente
470 3501 575 3570 vicem
590 3503 691 3571 modo
707 3503 848 3572 rhetoris
862 3518 961 3597 atque
975 3516 1096 3596 poetae,

250 3612 420 3681 Interdum
435 3616 573 3703 urbani,
586 3618 751 3711 parcentis
765 3618 910 3703 viribus,
923 3630 1022 3711 atque

249 3726 465 3797 Extenuautis
478 3753 534 3798 eas
548 3729 710 3800 consulto.
726 3728 918 3800 Ridiculum
933 3729 1001 3798 acri

250 3839 380 3908 Fortius
394 3855 427 3908 et
441 3841 560 3913 melius
575 3868 712 3938 magnas
726 3842 921 3937 plerumque
934 3855 1022 3912 secat
1036 3865 1094 3909 res.

248 3948 319 4038 Illi,
332 3954 453 4045 scripta
469 3956 591 4047 quihus
604 3956 766 4026 comoedia
780 3958 887 4050 prisca
902 3956 981 4023 viris
994 3968 1060 4039 est,
