3325 5342
462 698 528 769 136
684 702 726 788 Q.
758 700 983 768 nostrii
1016 699 1208 767 sirum

455 976 1433 999 mmmmm

791 1209 935 1295 ODE
975 1209 1096 1293 VII.

746 1489 806 1543 AD
835 1487 1138 1555 TORQUATUM.

454 1740 659 1805 Dmucsus
673 1732 781 1814 nives,
795 1726 934 1794 redeunt
944 1727 1013 1819 jam
1029 1730 1179 1821 gramina
1193 1734 1318 1826 campis

645 1842 894 1934 Arboribusque
907 1865 1018 1910 cornae.

453 1967 562 2033 Mutat
575 1975 663 2028 terra
676 1957 778 2040 vises,
791 1970 826 2023 et
840 1954 1059 2023 decresoentia
1074 1957 1161 2049 ripas

642 2069 795 2139 Flumina
808 2082 1015 2162 praetereunt.

451 2187 569 2259 Gratia
581 2209 657 2254 curn
671 2180 835 2276 Nymphis
849 2181 1054 2275 geminisque
1067 2184 1237 2253 sororibus
1249 2184 1348 2255 audet

641 2300 773 2365 Ducere
787 2293 877 2362 nuda
890 2293 1018 2362 choros.

451 2407 657 2480 Immortalis
671 2433 713 2476 ne
726 2430 854 2500 speres,
867 2420 980 2474 monet
993 2431 1119 2493 annus,
1132 2423 1165 2476 et
1178 2407 1301 2479 almum

644 2524 727 2610 Quae
742 2522 829 2615 rapit
842 2521 925 2589 hora
939 2521 1037 2590 diem.

451 2640 589 2732 Frigora
603 2637 781 2724 mitescunt
793 2634 969 2728 Zephyris3
983 2660 1041 2702 ver
1054 2638 1193 2728 proterit
1205 2652 1298 2707 aestus

642 2748 838 2833 interitura,
852 2746 950 2817 simul
1007 2834 1010 2838 ἵ

451 2863 594 2934 Pomifer
607 2861 931 2956 auctumnustfruges
944 2859 1117 2947 effuderit,
1130 2875 1164 2928 et
1177 2887 1254 2929 mox

639 2979 762 3044 Bruma
776 2973 915 3042 recurrit
929 2972 1024 3040 iners.

448 3093 580 3158 Damna
593 3103 701 3157 tamen
716 3087 836 3158 celeres
850 3100 1005 3179 reparant
1017 3085 1160 3155 eoelestia
1174 3085 1277 3176 lunae3

637 3205 726 3288 Nos,
739 3202 796 3270 ubi
811 3198 1012 3284 decidimus,

446 3316 525 3404 Quo
539 3315 613 3408 pius
626 3318 761 3402 AEneas‚
775 3339 843 3409 quo
856 3311 973 3382 Tullus
985 3311 1076 3381 dives
1089 3326 1123 3381 et
1136 3316 1265 3402 Ancus,

636 3427 748 3497 Pulvis
760 3442 794 3495 et
807 3428 927 3496 umbra
940 3450 1063 3496 sumus.

446 3536 531 3625 Quis
544 3539 622 3625 scit,
635 3563 678 3607 an
691 3537 851 3631 adjiciant
863 3538 1032 3607 hodiernae
1045 3539 1188 3609 crastina
1201 3565 1335 3611 summu

635 3655 799 3746 Tempora
813 3655 859 3723 Di
874 3652 1009 3747 superii
1263 3655 1265 3658 ’

444 3764 572 3832 Cuncta
586 3767 704 3835 munus
716 3767 829 3835 avidas
844 3767 971 3861 fugient
984 3766 1139 3856 haeredis,
1152 3770 1258 3837 amieo

635 3861 720 3967 Quis
733 3881 862 3950 dederis
873 3882 995 3951 animo.

442 3986 555 4073 Quum
570 3989 669 4058 semel
684 3993 861 4078 occideris,
875 4008 909 4062 et
922 3994 967 4063 de
977 4009 1010 4062 te
1024 3995 1197 4087 splendida
1209 3994 1323 4064 Minos

634 4105 761 4171 Fecerit
774 4105 929 4189 arbitria,
