3325 5342
447 660 516 732 286
666 661 713 748 Q.
746 659 969 727 unasru
1002 658 1197 726 ruaccr

445 795 562 862 Victor
574 789 735 884 propositi
750 785 848 856 simui
863 810 903 854 ae
916 787 1103 879 perveneris
1117 785 1214 871 illuc,

444 907 498 975 sic
510 904 655 997 positum
670 899 814 969 servabis
827 924 929 984 onus,
942 923 984 967 ne
998 898 1083 966 forte
1097 898 1224 968 subala

444 1015 648 1087 Fasciculum
663 1028 774 1108 portes
788 1011 967 1096 librorum,
981 1025 1019 1079 ut
1033 1012 1174 1080 rusticus
1187 1037 1331 1106 agnum

444 1136 492 1201 Ut
504 1132 619 1198 vinosa
633 1127 762 1222 glomus
777 1128 905 1195 furtiva
918 1126 1056 1219 Pyrrhia
1071 1124 1171 1210 lanae3

444 1247 491 1312 Ut
504 1266 581 1310 cum
597 1240 719 1335 pileolo
733 1240 837 1310 soleas
850 1239 989 1307 conviva
1002 1237 1142 1307 tribulis.

445 1359 496 1426 Ne
508 1354 609 1450 vulgo
623 1379 736 1424 narres
749 1368 782 1421 te
796 1353 962 1423 sudavisse
977 1352 1110 1421 serendo

445 1471 621 1555 Carmina,
633 1493 706 1562 quae
720 1469 848 1562 possint
861 1466 975 1536 oculos
989 1490 1149 1559 auresque
1163 1465 1284 1533 morari

446 1583 594 1652 Caesaris.
608 1584 732 1652 Oratus
747 1580 850 1649 multa
864 1605 979 1673 prece,
992 1581 1097 1648 nitere
1110 1604 1218 1673 porro.

446 1694 557 1780 Vade,
570 1693 659 1780 vale,
673 1719 751 1763 cave
766 1719 807 1762 ne
820 1693 960 1779 titubes,
974 1693 1193 1785 mandataque
1207 1692 1350 1785 frangas.

447 1941 1431 1967 mmmmm-mmmm

684 2139 1013 2228 EPISTOLA
1056 2141 1191 2226 XIV.
1304 2127 1310 2136 ’

710 2379 768 2434 AD
791 2378 1013 2436 VILLICUM
1036 2380 1166 2437 SUUM.

447 2591 592 2657 Vrnurcn
607 2583 763 2655 silvarum
777 2586 906 2654 etmihi
921 2611 974 2655 me
989 2587 1155 2658 reddentis
1168 2587 1283 2680 agelli,

380 2705 383 2710 ’
447 2702 555 2788 Quem
570 2713 608 2767 tu
622 2698 766 2784 fastidis,
779 2699 963 2769 habitatum
978 2701 1125 2794 quinque
1138 2701 1236 2786 focis,
1249 2716 1282 2770 et

448 2812 604 2905 Quinque
618 2812 723 2881 bonos
737 2811 872 2881 solitum
886 2811 1022 2882 Variam
1037 2812 1201 2883 dimittere
1215 2828 1342 2908 patres3

448 2930 637 3010 Certemus,
651 2925 761 3019 spinas
775 2927 930 2995 animone
943 2951 1005 3020 ego
1020 2927 1155 3014 fortius,
1168 2954 1210 2996 an
1225 2944 1262 2997 tu

447 3035 576 3105 Evellas
589 3061 688 3130 agro,
700 3050 735 3105 et
747 3035 865 3105 melior
878 3036 921 3105 sit
933 3038 1108 3123 Horatius,
1121 3063 1163 3106 an
1178 3064 1236 3108 nes.

447 3152 504 3218 Me
516 3150 666 3242 quamvis
678 3149 804 3218 Larniae
815 3150 920 3242 pietas
933 3164 967 3218 et
980 3174 1059 3219 eura
1072 3139 1237 3236 moratur,

447 3265 596 3329 Fratrem
610 3261 792 3346 maerentis,
805 3275 902 3354 rapto
915 3261 958 3330 de
970 3261 1071 3330 fratre
1084 3260 1227 3331 dolentis

447 3373 657 3460 Insolabiter3
670 3387 781 3444 tamen
796 3374 881 3444 istuc
894 3400 987 3445 mens
999 3376 1196 3470 animusque

447 3489 542 3571 Fert,
554 3500 588 3554 et
600 3501 690 3558 amat
702 3488 817 3581 spatiis
831 3487 997 3557 obstantia
1012 3513 1166 3582 rumpere
1179 3488 1330 3557 claustra.

446 3600 537 3668 Rure
549 3624 611 3693 ego
625 3601 808 3688 viventem,
820 3616 859 3670 tu
872 3601 955 3672 dicis
969 3603 1004 3670 in
1018 3602 1101 3672 urbe
1115 3603 1264 3686 beatum3
1385 3607 1405 3642 ⁶

446 3714 510 3781 Cui
524 3712 630 3806 placet
643 3712 796 3801 alterius,
809 3740 869 3785 sua
882 3715 1041 3785 nimirum
1054 3732 1104 3785 est
1116 3717 1194 3785 odio
1208 3740 1287 3789 sors.

445 3824 572 3894 Stultus
586 3842 725 3920 uterque
738 3826 849 3899 iocum
864 3830 1068 3900 immeritum
1081 3844 1236 3900 causatur
1249 3828 1382 3920 inique3

445 3941 485 4004 ln
499 3937 596 4031 culpa
609 3954 658 4008 est
669 3942 818 4030 animus,
830 3946 888 4036 qui
902 3969 936 4013 se
949 3969 1017 4013 non
1030 3944 1147 4039 effirgit
1159 3966 1327 4035 umquam.

418 4091 420 4095 »
445 4054 497 4118 Tu
511 4052 725 4122 mediastinus
738 4058 838 4127 tacita
852 4083 948 4148 prece
962 4083 1041 4127 rura
1053 4059 1202 4150 petebas,
