3325 5342
197 646 219 676 v.
241 630 271 677 ³⁵
364 622 674 695 sirinanun
706 627 864 696 nisan
896 630 945 695 11.
979 653 1009 722 7.
1110 630 1177 701 255

196 756 371 828 «Auditi»
384 778 462 825 eum
476 778 600 848 magno
614 754 756 824 blateras
767 755 931 844 clamore,
946 757 1106 852 fingisque

196 870 331 942 Milvius
344 884 377 938 et
391 888 531 952 scurrae,
545 867 606 936 tihi
621 892 689 937 non
703 868 874 938 referenda
889 871 1031 964 precati,

195 984 388 1053 Discedunt.
405 981 536 1051 Etenim
553 981 658 1049 fateor
671 1006 741 1067 me,
757 964 877 1051 dixerit
889 982 962 1068 itte,

196 1098 284 1165 Duci
298 1111 413 1164 ventre
427 1094 548 1177 levem3
562 1118 679 1162 nasum
694 1094 811 1167 nidore
824 1097 981 1191 supinos,

196 1207 403 1291 Imbecillus,
416 1209 523 1293 iners,
535 1208 563 1277 si
577 1207 739 1304 quidvis,
752 1208 853 1295 adde,
867 1213 1000 1305 popino.

140 1304 145 1311 ’
195 1326 266 1407 Τιι,
281 1347 384 1416 quum
399 1323 443 1390 sis
456 1321 547 1415 quod
560 1346 640 1416 ego,
653 1336 686 1391 et
700 1321 847 1391 fortassis
862 1327 1017 1418 nequior,
1032 1326 1120 1394 uitro

196 1439 375 1521 lnseetere,
390 1433 478 1503 velut
493 1433 633 1503 melior?
646 1434 819 1528 verbisque
833 1435 961 1506 decoris

194 1546 362 1619 Obvoivas
374 1548 516 1618 vitium?
529 1549 640 1636 Quid,
653 1548 680 1617 si
695 1572 749 1616 me
763 1547 896 1617 stultior
910 1552 981 1644 ipso

195 1664 395 1758 Quingentis
408 1678 520 1757 empto
534 1663 702 1732 drachmis
716 1663 951 1757 deprenderis?
964 1666 1065 1734 auur

194 1781 249 1848 Me
263 1775 357 1845 vultu
372 1794 511 1865 terrere,
525 1800 663 1846 manum
679 1777 953 1870 stomachumque
966 1772 1092 1861 tend,

195 1894 303 1977 Dum,
318 1914 390 1984 quae
402 1892 550 1986 Crispini
565 1891 680 1959 docuit
693 1915 747 1959 me
757 1892 900 1983 janitor,
913 1891 984 1959 edo.

156 1990 161 2001 ⁸
193 2008 240 2073 Te
253 2006 374 2096 conjux
387 2004 494 2073 aliena
505 2006 613 2099 capit,
624 2003 838 2074 meretricuia
852 2007 1001 2089 Davum3

193 2121 311 2187 Peccat
323 2133 396 2187 uter
410 2133 562 2187 nostrum
578 2141 676 2188 eruoe
690 2117 847 2213 dignius?
860 2118 955 2187 Acris
968 2117 1027 2185 ubi
1042 2143 1094 2185 me

193 2232 319 2301 Natura
334 2230 495 2318 intendit,
511 2231 571 2299 urb
583 2230 675 2299 clara
688 2230 778 2299 nuda
794 2229 926 2298 lucerna

193 2344 419 2437 Quacumque
433 2345 561 2438 excepit
573 2346 737 2439 turgentis
751 2344 887 2414 verbera
901 2343 1032 2429 caudoe,

191 2454 355 2527 Clunibus
369 2473 428 2526 aut
441 2460 580 2553 agitavit
592 2480 715 2552 equum
731 2458 853 2527 lasciva
865 2459 1039 2551 supinum,

191 2573 340 2641 Dimittit
355 2596 461 2667 neque
475 2572 658 2659 famosum,
673 2597 780 2666 neque
793 2571 990 2659 sollicitum,
1005 2598 1045 2639 ne

192 2688 318 2774 Ditior‚
332 2703 390 2755 aut
404 2686 519 2755 formae
531 2687 679 2755 melioris
691 2688 795 2779 mejat
807 2686 933 2755 eodem.

191 2802 261 2886 Tu,
274 2822 377 2894 quum
392 2802 547 2895 projectis
560 2800 766 2894 insignibus,
779 2799 905 2869 annulo
918 2802 1080 2894 equestri,

191 2915 407 3007 Romanoque
420 2915 556 3000 babitu,
571 2913 685 3007 prodis
699 2939 739 2982 en
750 2912 864 3006 judice
878 2916 985 2982 Dama

190 3029 329 3121 Turpis,
340 3027 519 3096 odoratum
533 3044 634 3122 eaput
647 3028 846 3096 obscurante
859 3026 1008 3112 iocerne,

190 3142 267 3211 Non
282 3164 316 3208 ea
330 3140 420 3233 quod
429 3139 590 3209 simules?
602 3143 757 3210 Metuens
772 3139 957 3226 ind-ueris,
971 3155 1070 3232 atquo

189 3252 378 3322 Altercante
392 3251 586 3322 libidinibus
600 3255 715 3323 ticinis
726 3276 804 3323 osso
816 3278 949 3347 pavore.

189 3366 284 3455 Quid
299 3366 414 3452 refert,
425 3367 480 3434 uri
494 3367 597 3460 virgis
608 3368 766 3462 ferroque
779 3371 890 3436 omri

190 3483 390 3550 Auctoratus
403 3502 475 3564 eas,
489 3504 531 3548 aa
543 3483 635 3575 turpi
649 3480 780 3551 clausus
793 3483 829 3549 in
843 3506 938 3566 arua,

189 3595 314 3680 Quoto
328 3594 461 3664 demisit
470 3596 599 3688 peccati
612 3598 747 3665 conseia
759 3594 876 3665 teritis

188 3712 424 3794 Contractum,
438 3711 578 3805 genibus
591 3726 711 3807 tangas
720 3711 847 3806 caput?
858 3714 962 3780 Estne
977 3710 1095 3778 marito

187 3826 349 3893 maone
362 3827 529 3918 peccantis
545 3827 579 3893 in
590 3826 710 3894 ambos
721 3828 811 3919 justa
823 3822 993 3917 potestas?

188 3939 227 4004 ln
241 3952 471 4033 corruptorem
482 3938 536 4008 set
549 3940 680 4032 justior.
696 3938 759 4008 uta
772 3953 882 4007 umen
897 3962 931 4004 se
1026 3988 1029 3993 >

186 4051 263 4119 Non
279 4050 395 4121 liabitu
407 4067 556 4122 menne
566 4051 662 4138 ioco,
675 4066 828 4144 peccatve
841 4073 1001 4142 superne,
