3325 5342
435 681 726 750 CARMINUM
757 667 914 747 LIBER
947 682 1019 748 111.

384 809 540 880 Fecunda
553 807 658 903 eulpae
672 806 789 877 'saeeula
803 808 935 901 nuptias

384 925 534 995 Primum
551 925 784 1018 inquinavere,
797 937 830 991 et
845 946 948 1017 genus
961 935 994 990 et
1007 920 1141 1004 domos;

430 1041 504 1108 Hoc
518 1038 610 1107 fonte
624 1037 771 1106 derivata
785 1035 895 1105 clades

481 1154 519 1218 ln
535 1149 676 1243 patriam
691 1148 918 1242 populumque
933 1148 1035 1217 fluxit

383 1405 495 1470 Motus
509 1400 621 1467 doceri
638 1398 759 1491 gaudet
773 1399 903 1465 Ionicos

382 1519 513 1582 Matura
527 1512 642 1604 virgo,
655 1525 688 1578 et
702 1509 842 1603 lingitur
855 1512 1000 1596 artibus,

428 1631 500 1695 lam
517 1640 654 1693 nuncet
671 1626 811 1692 inoestos
825 1649 955 1692 amores

476 1743 527 1808 De
541 1754 655 1807 tenero
671 1738 850 1806 meditatur
863 1739 978 1831 ungui.

362 2017 366 2026 ’
381 1996 461 2061 Mox
472 1993 622 2088 juniores
636 1993 755 2086 quaerit
768 1990 937 2060 adulteros

381 2110 473 2174 Inter
486 2107 598 2174 mariti
613 2107 709 2190 vina,
724 2129 831 2199 neque
847 2104 958 2198 eligit,

430 2221 494 2289 Cui
509 2219 610 2289 donet
625 2219 812 2288 intermissa
827 2220 948 2313 raptim

477 2333 627 2417 Gaudia,
642 2332 825 2404 luminibus
842 2332 993 2418 remotis;

383 2582 447 2653 Sed
457 2583 548 2675 jussa
561 2607 691 2670 ooram,
704 2608 770 2651 non
786 2585 858 2653 siue
872 2585 1003 2654 oouseio

382 2698 497 2791 Surgit
510 2697 649 2783 marito,
663 2722 718 2766 seu
733 2713 829 2767 vocat
844 2698 993 2784 institor,

428 2814 493 2880 Seu
508 2811 601 2879 navis
615 2812 770 2905 Hispanae
784 2814 957 2908 magister,

475 2924 685 2993 Dedeeorum
706 2927 869 3018 pretiosus
883 2941 1022 3020 emptor.

381 3169 457 3236 Non
473 3165 524 3235 his
535 3168 691 3259 juventus
706 3182 779 3236 orta
793 3169 986 3262 parentibus

383 3277 503 3348 Infecit
516 3304 628 3373 equor
642 3283 804 3377 sanguiue
818 3283 963 3368 Punioo,

430 3391 659 3488 Pyrrhumque
673 3409 705 3464 et
720 3396 889 3490 ingentem
904 3396 1022 3465 oeeidit

479 3507 700 3594 Antiochum,
712 3509 1001 3603 Hannibalemque
1016 3509 1155 3594 durum;

381 3749 444 3817 Sed
461 3751 659 3820 rusticorum
675 3752 820 3823 mascula
835 3753 979 3823 militum

380 3861 509 3950 Proles,
523 3864 662 3934 Sabellis
677 3865 773 3936 docta
788 3865 956 3960 ligonibus

427 3979 568 4047 Versare
583 3978 713 4072 glebas,
726 3995 759 4049 et
773 4005 893 4050 severae

474 4092 594 4161 Matris
607 4093 649 4162 ad
663 4094 841 4162 arbitrium
857 4094 978 4162 recisos

1174 679 1220 773 89
