3325 5342
441 375 447 408 l

221 634 313 690 extr
377 619 739 696 EPISTULARUM
764 627 913 695 LIBER
938 627 985 693 ll.
1016 649 1043 693 1.
1135 624 1204 718 309

220 760 284 828 Sed
298 775 429 852 turpem
443 770 539 851 putat
553 756 668 825 inscite
682 756 865 849 metuitque
879 754 1023 824 lituram.

270 873 445 958 Creditur,
457 896 498 939 ex
512 869 623 937 medio
637 871 716 963 quia
732 895 782 938 res
795 871 947 955 arcessit,
960 868 1081 937 hahere

222 986 360 1056 Sudoris
374 986 570 1069 minimum,
584 982 641 1050 sed
655 982 755 1050 habet
769 983 930 1051 comoedia
944 997 1036 1051 tanto

223 1099 302 1169 Plus
315 1099 444 1185 oneris,
457 1111 583 1192 quanto
597 1096 700 1164 veniae
712 1097 832 1165 minus.
848 1096 1007 1190 Adspice,
1020 1095 1156 1165 Plautus

222 1214 301 1300 Quo
315 1226 411 1304 pacto
424 1226 534 1306 partes
547 1223 674 1277 tutetur
688 1209 830 1277 amantis
844 1208 981 1302 ephebi,

222 1327 270 1393 Ut
283 1324 386 1417 patris
399 1323 535 1409 attenti,
549 1321 678 1390 lenonis
692 1335 729 1389 ut
743 1320 912 1408 insidiosi,

222 1440 376 1525 Quantus
391 1438 433 1505 sit
447 1440 641 1505 Dossennus
653 1433 810 1502 edacibus
824 1434 858 1501 in
874 1435 1042 1527 parasitis,

222 1553 333 1639 Quam
348 1575 414 1618 non
429 1550 588 1618 adstricto
603 1560 776 1642 percurrat
789 1545 917 1640 pulpita
932 1573 1036 1616 socco.

223 1664 332 1733 Gestit
346 1665 434 1732 enim
450 1690 625 1733 nummum
640 1664 674 1731 in
690 1661 816 1731 loculos
830 1662 1019 1751 demittere,
1033 1662 1182 1756 posthoc

224 1781 385 1864 Securus,
399 1777 496 1846 cadat
509 1802 553 1846 an
567 1791 657 1846 recto
672 1791 736 1845 stet
750 1774 862 1844 fabula
876 1773 952 1843 talo.

224 1892 333 1978 Quem
348 1888 425 1958 tulit
439 1890 482 1958 ad
496 1915 628 1958 scenam
643 1903 779 1956 ventoso
794 1886 901 1983 gloria
915 1912 1033 1975 curru,

223 2006 400 2073 Exanimat
414 2004 522 2073 lentus
537 2019 717 2099 spectator,
730 2003 864 2073 sedulus
880 2002 983 2072 inflat.

223 2119 277 2188 Sic
290 2118 378 2206 leve,
390 2120 437 2188 sie
452 2145 589 2212 parvum
605 2134 670 2205 est,
681 2120 830 2187 animum
845 2116 936 2212 quod
948 2116 1057 2185 laudis
1070 2141 1205 2186 avamm

222 2233 361 2302 Subruit
374 2248 432 2301 aut
445 2233 560 2302 reficit.
575 2232 693 2303 Valeat
708 2258 759 2301 res
774 2231 919 2319 ludicra,
932 2229 959 2300 si
973 2257 1026 2300 me

222 2343 337 2413 Palma
352 2359 472 2439 negata
485 2370 654 2431 macrum,
668 2345 790 2413 donata
804 2344 932 2412 reducit
944 2345 1102 2437 opimum.

222 2460 313 2551 Saepe
326 2458 426 2526 etiam
440 2457 599 2527 audacem
616 2457 711 2553 fugat
725 2458 789 2525 hoc
803 2472 969 2550 terretque
983 2471 1131 2549 poetam,

223 2569 324 2658 Quod
337 2595 476 2639 numero
490 2570 620 2664 plures,
634 2572 757 2639 virtute
771 2586 804 2639 et
817 2571 944 2639 honore
958 2571 1120 2656 minores,

223 2684 353 2753 lndocti
367 2684 560 2780 stolidique,
573 2701 606 2754 et
621 2686 812 2780 depugnare
826 2686 952 2779 parati,

222 2798 257 2867 Si
271 2798 436 2867 discordet
449 2824 567 2892 eques,
579 2798 688 2868 media
703 2800 790 2867 inter
803 2800 950 2868 carmina
963 2812 1105 2892 poscunt

223 2915 292 2980 Aut
304 2936 438 2998 ursum,
451 2927 509 2981 aut
524 2911 671 3007 pugiles,
684 2913 736 2981 his
751 2938 829 2981 nam
844 2910 1014 3007 plebecula
1029 2910 1158 3004 gaudet.

222 3026 348 3092 Verum
362 3025 483 3117 equitis
496 3050 629 3117 quoque
638 3026 708 3118 jam
724 3025 880 3118 migravit
893 3025 934 3092 ab
949 3048 1028 3092 aure
1042 3023 1193 3116 voluptas

223 3138 342 3206 Omnis
355 3138 399 3206 ad
413 3140 555 3207 incertos
569 3138 683 3207 oculos
696 3154 729 3208 et
745 3138 866 3232 gaudia
879 3163 972 3205 vana.

222 3252 377 3338 Quatuor
389 3265 449 3320 aut
460 3250 572 3346 plures
586 3251 689 3321 aulaea
703 3266 902 3347 premuntur
916 3252 950 3317 in
965 3250 1083 3330 horas,

222 3365 313 3430 Dum
326 3363 460 3457 fugiunt
473 3366 623 3457 equitum
638 3379 755 3433 turmae
769 3364 985 3458 peditumque
1000 3375 1145 3427 catervae.

221 3478 304 3544 Mox
318 3476 461 3545 trahitur
473 3479 628 3547 manibus
643 3504 759 3573 regum
774 3478 908 3546 fortuna
924 3474 1073 3558 retortis,

221 3588 345 3657 Esseda
358 3588 531 3678 festinant,
544 3590 686 3684 pilenta,
700 3589 879 3684 petorrita,
892 3611 1009 3672 naves,

222 3703 401 3795 Captivum
415 3720 568 3797 portatur
581 3706 680 3791 ebur,
694 3704 822 3797 captiva
838 3699 1030 3771 Corinthus.

220 3817 255 3885 Si
270 3816 356 3885 foret
371 3819 404 3885 in
421 3821 536 3905 terris,
550 3820 671 3888 rideret
684 3816 914 3898 Democritus,
928 3838 986 3880 seu

221 3928 398 3998 Diversum
413 3931 552 4001 confusa
567 3957 671 4026 genus
684 3930 845 4026 panthera
859 3925 1002 4008 camelo,

221 4042 296 4112 Sive
309 4044 444 4138 elephas
458 4044 554 4113 albus
568 4043 658 4138 vulgi
674 4056 880 4113 converteret
894 4065 971 4124 ora;
