3325 5342
260 546 336 594 uto
441 544 752 613 SATIRARUM
783 545 942 612 LIBER
975 546 999 610 Ι.
1033 542 1065 611 6.
1178 569 1244 637 207

152 708 154 717 ·
258 677 294 745 Si
308 697 417 769 praeco
431 696 568 765 parvas,
582 686 658 757 aut,
671 686 710 739 ut
723 670 786 740 fuit
800 673 887 766 ipse,
900 688 1038 742 coactor*

257 787 428 859 Mercedes
441 811 611 879 sequerer3
622 810 728 879 neque
737 811 799 879 ego
807 811 911 855 essem
921 803 1064 879 questus.
1076 788 1128 857 Ad
1140 788 1203 856 hoc
1213 812 1301 854 nunc

258 908 348 973 Laus
363 901 412 970 iili
427 900 581 985 debetur,
595 915 661 969 eta
676 924 729 968 me
743 900 852 993 gratia
864 901 979 992 major.

257 1019 314 1091 Nil
330 1043 382 1086 me
397 1016 558 1110 poeniteat
571 1040 688 1084 sanum
704 1016 809 1109 patris
823 1016 941 1109 hujus3
954 1041 1058 1110 eoque

257 1136 354 1218 Non,
368 1146 406 1200 ut
419 1155 542 1225 magna
557 1128 635 1201 dolo
650 1128 774 1201 sactum
789 1144 889 1223 negat
902 1155 972 1199 esse
986 1155 1046 1199 suo
1061 1157 1156 1224 pars,

257 1245 360 1335 Quod
375 1269 443 1312 non
460 1245 623 1338 ingenuos
641 1242 761 1312 habeat
775 1243 946 1337 clarosque
958 1258 1127 1338 parentes,

257 1361 313 1430 Sic
328 1385 381 1427 me
396 1357 580 1427 defendam.
596 1361 713 1450 Longe
727 1382 799 1426 mea
814 1357 980 1452 discrepat
995 1360 1066 1428 istis

256 1478 299 1542 Et
314 1498 376 1540 vox
391 1486 423 1540 et
439 1471 533 1539 ratio.
549 1473 636 1542 Nam
651 1472 679 1539 si
693 1485 813 1539 natura
822 1472 957 1564 juberet

256 1588 286 1654 A
300 1585 399 1653 certis
413 1583 510 1653 annis
524 1607 630 1650 aevurn
645 1608 792 1651 remeare
806 1600 996 1677 peractum,

256 1704 366 1794 Atque
379 1696 463 1766 alios
478 1697 586 1792 legere
600 1698 644 1765 ad
658 1698 779 1766 fastum
795 1723 1023 1794 quoscumque
1038 1717 1208 1794 parentes,

255 1817 394 1907 Optaret
408 1811 471 1879 sibi
486 1812 643 1903 quisque;
658 1810 739 1879 meis
754 1825 949 1898 contentus,
963 1813 1120 1884 honestos

255 1927 409 1995 Fascibus
423 1940 457 1993 et
471 1923 559 1993 sellis
574 1922 679 1993 nolim
692 1924 775 1992 mihi
790 1949 940 2009 sumere,
954 1925 1090 1995 demens

254 2040 384 2109 ,iudicio
398 2038 509 2134 vulgi,
522 2064 622 2108 sanus
635 2039 774 2108 fortasse
788 2055 866 2124 tuo,
880 2040 971 2133 quod

255 2152 386 2225 Nollem
393 2177 494 2240 onus,
503 2151 758 2245 handumquam
767 2149 901 2237 solitus,
911 2169 1045 2245 portare
1056 2153 1240 2223 molestum.

255 2267 340 2334 Nam
355 2264 438 2332 mihi
452 2266 611 2334 continuo
626 2264 733 2358 major
746 2264 925 2358 querenda
940 2264 1025 2332 foret
1040 2290 1108 2348 res,

256 2381 364 2470 Atque
377 2376 544 2447 salutandi
559 2377 689 2472 piures3
704 2376 876 2445 ducendus
890 2392 923 2445 et
936 2402 1023 2445 unus

253 2494 296 2558 Et
309 2516 418 2560 comes
432 2491 531 2578 alter,
543 2492 593 2558 uti
608 2516 649 2558 ne
664 2489 753 2559 solus
768 2515 865 2558 rusve
877 2515 1054 2585 peregreve

253 2606 403 2692 Exirem3
417 2605 529 2699 plures
544 2604 676 2673 calones
689 2619 789 2697 atque
802 2603 921 2672 caballi

254 2719 429 2805 Pascendi;
444 2717 595 2787 ducenda
610 2718 779 2810 petorrita.
795 2720 895 2787 Nunc
909 2717 991 2785 mihi
1006 2733 1101 2786 curto

253 2834 306 2900 Ire
320 2830 397 2901 licet
409 2830 520 2918 mulo,
534 2829 603 2918 vel,
617 2831 645 2899 si
660 2830 758 2917 libet,
772 2856 877 2924 usque
890 2835 1089 2919 Tarentum,

251 2947 399 3014 Mantica
413 2946 466 3013 cui
482 2945 612 3014 lumbos
626 2971 728 3013 onere
742 2945 883 3031 ulceret,
896 2961 995 3039 atque
1006 2972 1105 3039 eques
1118 2973 1236 3016 armos.

252 3060 397 3151 Objiciet
412 3084 509 3127 nemo
524 3059 636 3127 sordes
650 3060 753 3145 mihi,
767 3084 850 3153 quas
864 3060 924 3127 tibi
934 3114 944 3145 ‚
956 3059 1053 3143 Titti,

253 3175 369 3260 Quum
383 3173 523 3240 Tiburte
537 3174 588 3240 via
603 3186 776 3266 praetorem
792 3175 941 3267 quinque
952 3190 1137 3268 sequuntur

251 3289 299 3353 Te
313 3286 426 3379 pueri,
441 3284 589 3353 lasanum
605 3302 775 3378 portantes
788 3288 1083 3382 oenophommque.

251 3402 324 3467 Hoc
338 3424 400 3493 ego
415 3399 640 3486 commodius,
653 3426 753 3494 quam
768 3417 823 3490 tu,
837 3403 994 3497 praeclare
1008 3419 1154 3487 senator,

251 3511 402 3582 Millibus
416 3529 516 3607 atque
529 3514 620 3601 aliis,
634 3516 719 3584 vivo.
735 3519 956 3612 Quacumque
970 3517 1074 3586 libido
1087 3534 1154 3603 est,

251 3626 372 3695 Incedo
387 3626 494 3715 solus;
509 3645 703 3723 percontor,
716 3632 834 3725 quanti
848 3630 922 3700 olus
936 3656 974 3699 ac
989 3631 1056 3713 sar;

251 3739 412 3840 Fallacem
427 3745 570 3831 circum,
585 3747 878 3839 vespertinumque
892 3771 1026 3841 pererro

249 3857 339 3949 Saepe
354 3856 462 3926 forum
474 3884 484 3946 ;
496 3859 613 3928 assisto
629 3859 769 3945 divinis;
782 3860 860 3928 inde
874 3860 1011 3928 domum
1025 3884 1079 3926 me

251 3968 303 4036 Ad
316 3973 408 4063 porri
421 3987 455 4040 et
468 3973 583 4043 ciceris
597 3972 704 4041 refero
719 3972 895 4066 laganique
909 3976 1067 4041 catinum.
