3325 5342
418 613 709 680 CARMINUM
741 614 896 681 LIBER
926 615 998 682 ΙΙΙ.

366 742 507 834 Rumpit
520 756 554 810 et
567 766 699 836 serpens
713 743 776 811 iter
789 744 994 829 institutum,

364 857 399 923 Si
414 878 475 948 per
488 852 679 947 obliquum,
693 853 810 923 similis
823 856 966 949 sagittae,

364 969 500 1036 Terruit
512 993 661 1037 mannos.
676 971 765 1061 Ego,
779 970 834 1037 cui
848 969 988 1054 timebo,

508 1080 670 1147 Providus
684 1104 823 1173 auspex,

367 1332 550 1421 Antequam
565 1342 689 1396 stantes
704 1342 829 1420 repetat
842 1329 978 1421 paludes

367 1441 529 1509 imbrium
546 1440 659 1508 divina
672 1441 742 1508 avis
757 1441 1007 1532 imminentem,

366 1555 519 1622 Oseinem
534 1575 672 1623 oorrum
687 1577 783 1646 preoe
797 1555 962 1624 suscitabo

506 1665 593 1734 Solis
606 1667 648 1733 ab
662 1680 748 1733 ortu.
947 1667 950 1672 ’

367 1916 417 1983 Sis
433 1914 508 1985 iicet
521 1914 616 2003 felix,
629 1917 831 2009 ubicumque
845 1919 966 2005 maris,

365 2029 407 2095 Et
419 2052 546 2096 memor
559 2030 683 2115 nostri,
696 2028 853 2116 Galatea,
866 2030 972 2101 vivas!

364 2143 475 2234 Teque
490 2167 549 2211 nec
563 2142 662 2212 laevus
677 2156 764 2211 vetet
776 2144 949 2237 irepious,

507 2258 576 2325 Nec
590 2281 672 2351 vaga
686 2258 811 2326 cornix.

364 2506 428 2574 Sed
443 2504 534 2574 vides
547 2522 672 2599 quanto
686 2509 828 2601 trepidet
842 2508 986 2578 tumultu
1115 2529 1121 2538 ·

364 2623 493 2688 Pronus
507 2619 638 2689 Orion?
651 2624 738 2715 Ego,
752 2624 834 2716 quid
849 2625 891 2692 sit
904 2638 977 2692 ater

363 2733 512 2818 Hadriae,
526 2736 622 2820 novi,
635 2736 745 2821 sinus,
758 2751 791 2804 et
805 2737 886 2829 quid
900 2736 996 2807 albus

506 2852 621 2917 Peccet
634 2853 744 2944 Iapyx.
799 2931 802 2936 <

364 3092 516 3159 Hostium
530 3115 650 3160 uxores
663 3094 825 3187 puerique
839 3119 940 3163 caecos

363 3205 514 3272 Sentiant
527 3219 636 3273 motus
649 3207 787 3275 orientis
801 3209 933 3294 Austri,
946 3223 979 3278 et

365 3319 517 3411 AEquoris
531 3319 618 3412 nigri
634 3317 820 3404 fremitum,
833 3336 866 3390 et
879 3336 1054 3391 trementes

506 3432 651 3501 Verbere
666 3434 763 3527 ripas.

362 3675 416 3742 Sic
429 3689 463 3742 et
475 3677 607 3767 Europe
621 3674 754 3743 niveum
769 3674 884 3744 doloso

363 3787 514 3856 Credidit
525 3803 621 3856 tauro
637 3787 740 3873 latus,
752 3803 785 3858 et
799 3802 975 3858 scatentem

362 3898 485 3969 Belluis
499 3915 657 3992 pontum,
671 3900 860 3992 mediasque
875 3900 1006 3970 fraudes

507 4012 629 4081 Palluit
642 4014 757 4081 audax.

1133 617 1196 687 115
