3325 5342
443 698 506 767 ¹92
664 674 706 761 Q.
739 671 963 740 HORATlI
995 672 1218 739 FLACCI:
1340 686 1418 739 rto

437 804 572 873 Parcius
586 801 641 870 hic
653 799 756 868 vivit?
769 797 1009 892 lrugidicutur.
1023 799 1159 891 lneptus

437 921 479 987 Et
488 916 666 1010 jactantior
679 914 734 982 bic
747 910 847 1006 paulo
860 911 930 980 est?
942 912 1124 981 concinnus
1137 915 1252 984 amicis

436 1029 586 1100 Postulat
599 1042 635 1096 ut
650 1026 809 1095 videatur.
825 1030 870 1095 At
883 1040 933 1094 est
946 1023 1180 1111 truculentior,
1193 1042 1292 1121 atque

437 1144 515 1214 Plus
528 1167 622 1236 requo
637 1139 741 1210 liber?
754 1139 893 1232 simplex
908 1139 1069 1233 fortisque
1083 1139 1251 1211 habeatur.

437 1256 574 1327 Caldior
586 1252 657 1324 est?
670 1278 761 1335 acres
775 1255 863 1322 inter
875 1268 1077 1323 numeretur.
1092 1254 1238 1347 Opinor,

436 1374 514 1438 Haec
529 1394 580 1438 res
593 1382 626 1436 et
635 1368 766 1462 jungit,
776 1368 910 1460 junctos
923 1381 957 1434 et
970 1381 1077 1435 servat
1091 1368 1237 1436 amicos..

421 1462 480 1553 ‘At
494 1508 554 1552 nos
568 1482 705 1551 virtutes
719 1482 805 1575 ipsas
818 1480 1031 1567 invertimus,
1044 1496 1143 1574 atque
1161 1538 1163 1543 ⁴

438 1598 608 1668 sincerum
622 1596 772 1689 cupimus
786 1619 843 1663 vas
857 1595 1049 1664 incrustare.
1064 1596 1191 1664 Probus
1204 1597 1277 1689 quis

438 1711 619 1783 Nobiscum
633 1707 735 1777 vivit?
749 1707 891 1778 multum
905 1708 1066 1778 demissus
1080 1710 1197 1796 homo;
1210 1708 1259 1778 illi

438 1823 566 1909 Turdo,
579 1847 762 1917 cognomen
778 1822 895 1916 pingui
911 1821 1036 1891 dumus.
1051 1824 1113 1890 Hic
1126 1823 1211 1916 lingit
1223 1847 1339 1891 omnes
1358 1880 1362 1907 3

438 1936 597 2021 Insidias,
611 1933 759 2027 nullique
772 1934 860 2003 malo
874 1933 959 2003 latus
972 1935 1065 2004 obdit
1078 1935 1250 2028 apertum?

439 2052 672 2143 Quumgenus
686 2048 750 2116 boc
764 2049 850 2116 inter
863 2048 938 2117 vitre
951 2061 1112 2134 versetur,
1125 2046 1183 2115 ubi
1197 2048 1281 2116 acris

440 2162 586 2249 Invidia,
599 2176 698 2255 atque
712 2163 824 2256 vigent
837 2160 895 2230 ubi
910 2163 1067 2248 crimina3
1082 2186 1142 2255 pro
1156 2161 1239 2229 bene
1253 2186 1333 2230 sano

415 2289 420 2298 ’
439 2279 490 2345 Ac
502 2300 569 2344 non
585 2277 736 2361 incauto,
751 2274 866 2344 fictum
880 2290 1092 2369 astutumque
1106 2299 1268 2343 vocamus.

439 2388 627 2482 Simplicior
639 2390 731 2483 quis,
744 2404 777 2457 et
790 2405 858 2476 est,
871 2388 1002 2481 qualem
1017 2414 1070 2457 me
1084 2412 1168 2482 soepe
1180 2387 1319 2473 libenter

440 2502 626 2571 Obtulerim
640 2502 719 2589 tibi,
733 2505 913 2587 Maeoenas,
926 2517 963 2570 ut
978 2502 1062 2571 forte
1076 2501 1239 2596 legentem

441 2616 508 2682 Aut
523 2615 659 2683 tacitum
674 2613 820 2709 impellat
834 2615 951 2709 quovis
965 2613 1138 2683 sermone?
1150 2643 1168 2678 «
1181 2609 1355 2683 Molestus!

441 2729 650 2797 «Communi
665 2753 761 2798 sensu
776 2729 874 2823 plone
887 2743 994 2815 caret,
1008 2758 1025 2793 n
1040 2729 1217 2822 inquimus.
1232 2727 1342 2813 Eheu,
1369 2713 1375 2725 ⁰

441 2843 551 2930 Quam
566 2857 687 2911 temere
702 2843 736 2910 in
751 2856 880 2911 nosmet
894 2841 998 2935 legem
1015 2844 1179 2911 sancimus
1194 2837 1356 2934 iniquam!

440 2956 525 3025 Nam
541 2954 629 3027 vitiis
642 2980 740 3024 nemo
753 2955 823 3023 sine
837 2954 1002 3039 nascitur,
1016 2956 1162 3048 optimus
1176 2954 1230 3023 ille
1243 2967 1308 3038 est,

379 3109 381 3113 >
441 3067 509 3155 Qui
525 3067 670 3135 minimis
684 3082 830 3162 urgetur.
847 3067 983 3136 Amicus
996 3065 1120 3153 dulcis,
1134 3082 1171 3135 ut
1184 3090 1313 3159 aequum
1326 3079 1392 3149 est,

441 3181 555 3268 Quum
570 3204 643 3248 mea
655 3195 845 3273 compenset
861 3180 948 3248 vitiis
961 3179 1068 3266 bona,
1081 3177 1230 3272 pluribus
1245 3179 1350 3263 hisce,

441 3293 475 3360 Si
492 3292 591 3362 modo
605 3292 701 3387 plura
716 3292 798 3361 mibi
812 3293 901 3361 bona
916 3307 1010 3378 sunt,
1025 3290 1178 3377 inclinet3
1191 3292 1293 3360 amari

441 3404 475 3472 Si
491 3404 577 3474 volet
590 3405 652 3474 hac
666 3404 755 3501 lege,
769 3407 803 3473 in
818 3406 944 3473 trutina
959 3420 1100 3499 ponetur
1112 3405 1236 3474 eadem.

442 3519 529 3606 Qui,
543 3546 584 3588 ne
598 3521 768 3589 tuberibus
783 3521 926 3614 propriis
939 3520 1088 3589 offendat
1102 3521 1262 3604 amicum,

443 3631 608 3717 Postulat,
622 3633 769 3727 ignoscet
783 3634 928 3702 verrucis
943 3632 1041 3703 illius.
1057 3637 1199 3727 AEquum
1213 3646 1261 3701 est

444 3746 588 3814 Peccatis
602 3747 730 3817 veniam
746 3763 934 3842 poscentem
950 3746 1086 3817 reddere
1100 3772 1222 3815 rursus.

444 3858 614 3952 Denique,
627 3876 789 3954 quatenus
802 3862 908 3931 excidi
924 3863 1055 3957 penitus
1069 3862 1186 3930 vitium
1202 3862 1274 3948 irae,

445 3974 570 4040 Caetcru
585 3973 663 4041 item
678 3991 847 4067 nequeunt
861 3974 969 4044 stultis
984 3976 1157 4060 baerentia,
1170 3999 1230 4042 cur
1242 3996 1310 4041 non

445 4081 649 4152 Ponderibus
663 4083 872 4179 modulisque
885 4087 952 4155 suis
967 4088 1051 4156 ratio
1065 4085 1193 4157 utitur?
1204 4110 1260 4169 uc,
1274 4108 1337 4177 res
