3325 5342
436 644 500 712 128
657 644 700 732 Q
731 645 955 712 HORATII
987 644 1182 711 FLACCI

574 776 760 858 Victorem,
774 795 880 864 neque
896 795 946 841 res
959 769 1077 840 bellica
1090 759 1206 840 Deliis

717 881 985 976 Omatumnfoliis
999 882 1133 969 ducem,
1227 895 1232 899 ’

575 999 676 1088 Quod
691 1021 806 1090 regum
821 996 965 1065 tumidas
979 996 1166 1066 contuderit
1179 1000 1301 1084 minas,

670 1110 832 1180 Ostendet
846 1108 1030 1204 Capitoli03

574 1224 638 1295 Sed
652 1247 726 1318 quae
739 1224 845 1292 Tibur
859 1248 952 1316 aquae
966 1223 1072 1293 fertile
1086 1225 1278 1318 praefluunt,

673 1341 714 1406 Et
728 1338 838 1431 spissae
853 1361 1026 1405 nemorum
1040 1363 1158 1424 oomae,

576 1451 717 1544 Fingent
731 1447 839 1519 AEolio
852 1449 998 1517 mrmine
1012 1448 1165 1518 nobilem.

674 1565 787 1630 Romae
801 1561 960 1654 principis
974 1561 1106 1630 urbium

576 1676 744 1768 Dignatur
757 1674 886 1743 soboles
901 1675 987 1742 iuter
1000 1675 1158 1745 amabiles

673 1792 794 1859 Vatum
809 1813 932 1882 ponere
946 1813 998 1858 me
1013 1790 1149 1877 choros,

575 1903 618 1967 Et
628 1900 697 1992 jam
712 1900 809 1969 dente
823 1902 933 1970 minus
948 1904 1103 1972 mordeor
1118 1903 1238 1972 invido.

671 2019 703 2084 Ο
716 2016 891 2086 testudinis
905 2042 1011 2087 aurete

577 2127 717 2196 Duleem
732 2153 806 2221 quae
820 2131 1012 2223 strepitum,
1025 2132 1129 2219 Pieri,
1143 2129 1321 2224 temperas!

672 2242 704 2308 Ο
718 2241 819 2309 mutis
833 2266 966 2335 quoque
980 2243 1123 2337 piscibus
1217 2249 1220 2254 '

576 2355 751 2423 Donatum
765 2356 876 2448 cycni,
890 2357 917 2425 si
933 2356 1049 2444 libeat,
1063 2354 1197 2426 sonum!

673 2470 795 2536 Totum
810 2472 957 2539 muneris
970 2471 1035 2539 hoc
1049 2473 1097 2540 tui
1111 2486 1177 2558 est,

578 2581 679 2668 Quod
694 2598 862 2652 monstror
875 2585 981 2679 digito
995 2585 1277 2680 praetereuntium,

674 2697 832 2765 Romane
846 2697 966 2768 fidioeu
981 2698 1075 2793 lyrae3

579 2808 681 2895 Quod
695 2812 785 2902 spiro
799 2825 830 2880 et
845 2811 976 2905 plaoeo,
990 2814 1017 2880 si
1032 2811 1163 2905 placeo,
1177 2827 1271 2880 tuum
1286 2825 1342 2879 est.

435 3044 1414 3081 mmmmmmmmmmmmm

787 3253 932 3338 ODE
976 3253 1062 3339 IV.

749 3510 893 3567 DRUSI
919 3512 1109 3569 LAUDES.

576 3711 731 3799 Quarum
746 3717 936 3786 ministrum
951 3717 1100 3788 fulminis
1113 3718 1241 3804 alitem,

578 3827 641 3894 Cui
657 3852 712 3896 rex
727 3833 875 3900 Deorum
892 3857 1031 3927 regnum
1046 3834 1080 3902 in
1094 3819 1170 3903 aves
1184 3858 1280 3928 vagas
1329 3823 1338 3830 ’

625 3942 795 4030 Permisit,
809 3961 964 4039 expertus
978 3945 1108 4015 fidelem

672 4057 800 4148 Jupiter
816 4061 849 4127 in
864 4060 1057 4153 Ganymede
1072 4060 1175 4146 ssavo,
