<?xml version="1.0" encoding="UTF-8"?>
<!DOCTYPE html PUBLIC "-//W3C//DTD XHTML 1.0 Transitional//EN"
    "http://www.w3.org/TR/xhtml1/DTD/xhtml1-transitional.dtd">
<html xmlns="http://www.w3.org/1999/xhtml" xml:lang="en" lang="en">
 <head>
  <title>
</title>
<meta http-equiv="Content-Type" content="text/html;charset=utf-8" />
  <meta name='ocr-system' content='tesseract 3.04.00' />
  <meta name='ocr-capabilities' content='ocr_page ocr_carea ocr_par ocr_line ocrx_word'/>
</head>
<body>
  <div class='ocr_page' id='page_1' title='image "./quintushoratius00didogoog_0131.png"; bbox 0 0 3325 5342; ppageno 0'>
   <div class='ocr_carea' id='block_1_1' title="bbox 414 619 1193 716">
    <p class='ocr_par' dir='ltr' id='par_1_1' title="bbox 414 619 1193 716">
     <span class='ocr_line' id='line_1_1' title="bbox 414 619 1193 716; baseline 0.006 -30"><span class='ocrx_word' id='word_1_1' title='bbox 414 619 706 687; x_wconf 81' lang='lat' dir='ltr'>CARMINUM</span> <span class='ocrx_word' id='word_1_2' title='bbox 737 620 893 716; x_wconf 83' lang='lat' dir='ltr'><strong>LIBER</strong></span> <span class='ocrx_word' id='word_1_3' title='bbox 925 622 996 688; x_wconf 90' lang='lat' dir='ltr'>Ill.</span> <span class='ocrx_word' id='word_1_4' title='bbox 1129 624 1193 691; x_wconf 83' lang='lat'>113</span> 
     </span>
    </p>
   </div>
   <div class='ocr_carea' id='block_1_2' title="bbox 213 864 1197 894">
    <p class='ocr_par' dir='ltr' id='par_1_2' title="bbox 213 864 1197 894">
     <span class='ocr_line' id='line_1_2' title="bbox 213 864 1197 894; baseline 0.004 -8"><span class='ocrx_word' id='word_1_5' title='bbox 213 864 1197 894; x_wconf 62' lang='lat' dir='ltr'>mmmmmwwmmmmwvwwmmm</span> 
     </span>
    </p>
   </div>
   <div class='ocr_carea' id='block_1_3' title="bbox 532 1058 888 1144">
    <p class='ocr_par' dir='ltr' id='par_1_3' title="bbox 532 1058 888 1144">
     <span class='ocr_line' id='line_1_3' title="bbox 532 1058 888 1144; baseline -0.008 -1"><span class='ocrx_word' id='word_1_6' title='bbox 532 1058 674 1144; x_wconf 88' lang='lat' dir='ltr'>ODE</span> <span class='ocrx_word' id='word_1_7' title='bbox 717 1059 888 1144; x_wconf 88' lang='lat' dir='ltr'>XXV.</span> 
     </span>
    </p>
   </div>
   <div class='ocr_carea' id='block_1_4' title="bbox 564 1308 856 1363">
    <p class='ocr_par' dir='ltr' id='par_1_4' title="bbox 564 1308 856 1363">
     <span class='ocr_line' id='line_1_4' title="bbox 564 1308 856 1363; baseline -0.007 -1"><span class='ocrx_word' id='word_1_8' title='bbox 564 1308 609 1362; x_wconf 90' lang='lat' dir='ltr'>IN</span> <span class='ocrx_word' id='word_1_9' title='bbox 635 1309 856 1363; x_wconf 78' lang='lat' dir='ltr'>BACCHUM.</span> 
     </span>
    </p>
   </div>
   <div class='ocr_carea' id='block_1_5' title="bbox 321 1528 1189 3777">
    <p class='ocr_par' dir='ltr' id='par_1_5' title="bbox 391 1528 881 1620">
     <span class='ocr_line' id='line_1_5' title="bbox 391 1528 881 1620; baseline -0.008 -21"><span class='ocrx_word' id='word_1_10' title='bbox 391 1534 471 1619; x_wconf 88' lang='lat' dir='ltr'>Quo</span> <span class='ocrx_word' id='word_1_11' title='bbox 486 1554 557 1614; x_wconf 89' lang='lat' dir='ltr'>me,</span> <span class='ocrx_word' id='word_1_12' title='bbox 571 1528 716 1613; x_wconf 85' lang='lat' dir='ltr'>Bacche,</span> <span class='ocrx_word' id='word_1_13' title='bbox 730 1529 818 1620; x_wconf 86' lang='lat' dir='ltr'>rapis</span> <span class='ocrx_word' id='word_1_14' title='bbox 832 1530 881 1596; x_wconf 90' lang='lat' dir='ltr'>tui</span> 
     </span>
    </p>

    <p class='ocr_par' dir='ltr' id='par_1_6' title="bbox 321 1641 1189 1848">
     <span class='ocr_line' id='line_1_6' title="bbox 321 1641 1189 1740; baseline 0.006 -28"><span class='ocrx_word' id='word_1_15' title='bbox 321 1641 475 1713; x_wconf 84' lang='lat' dir='ltr'>Plenum!</span> <span class='ocrx_word' id='word_1_16' title='bbox 491 1668 564 1737; x_wconf 72' lang='lat' dir='ltr'>quae</span> <span class='ocrx_word' id='word_1_17' title='bbox 578 1666 733 1729; x_wconf 84' lang='lat' dir='ltr'>nemora,</span> <span class='ocrx_word' id='word_1_18' title='bbox 746 1656 804 1710; x_wconf 85' lang='lat' dir='ltr'>aut</span> <span class='ocrx_word' id='word_1_19' title='bbox 817 1666 901 1735; x_wconf 88' lang='lat' dir='ltr'>quos</span> <span class='ocrx_word' id='word_1_20' title='bbox 914 1667 996 1737; x_wconf 85' lang='lat' dir='ltr'>agor</span> <span class='ocrx_word' id='word_1_21' title='bbox 1010 1647 1044 1713; x_wconf 90' lang='lat' dir='ltr'>in</span> <span class='ocrx_word' id='word_1_22' title='bbox 1058 1669 1189 1740; x_wconf 84' lang='lat' dir='ltr'>specus,</span> 
     </span>
     <span class='ocr_line' id='line_1_7' title="bbox 394 1751 927 1848; baseline -0.006 -23"><span class='ocrx_word' id='word_1_23' title='bbox 394 1755 499 1825; x_wconf 80' lang='lat' dir='ltr'><strong>Velox</strong></span> <span class='ocrx_word' id='word_1_24' title='bbox 512 1770 622 1824; x_wconf 82' lang='lat' dir='ltr'>mente</span> <span class='ocrx_word' id='word_1_25' title='bbox 637 1751 738 1823; x_wconf 84' lang='lat' dir='ltr'>nova!</span> <span class='ocrx_word' id='word_1_26' title='bbox 755 1753 876 1848; x_wconf 87' lang='lat' dir='ltr'>quibus</span> <span class='ocrx_word' id='word_1_27' title='bbox 923 1835 927 1843; x_wconf 87' lang='lat'><em>.</em></span> 
     </span>
    </p>

    <p class='ocr_par' dir='ltr' id='par_1_7' title="bbox 326 1867 864 2051">
     <span class='ocr_line' id='line_1_8' title="bbox 326 1867 864 1964; baseline -0.006 -26"><span class='ocrx_word' id='word_1_28' title='bbox 326 1870 439 1938; x_wconf 80' lang='lat' dir='ltr'>Amris</span> <span class='ocrx_word' id='word_1_29' title='bbox 453 1869 577 1964; x_wconf 84' lang='lat' dir='ltr'>egregii</span> <span class='ocrx_word' id='word_1_30' title='bbox 592 1870 732 1938; x_wconf 71' lang='lat' dir='ltr'>Caesaris</span> <span class='ocrx_word' id='word_1_31' title='bbox 747 1867 864 1936; x_wconf 86' lang='lat' dir='ltr'>audiar</span> 
     </span>
     <span class='ocr_line' id='line_1_9' title="bbox 397 1980 861 2051; baseline -0.006 0"><span class='ocrx_word' id='word_1_32' title='bbox 397 1986 567 2051; x_wconf 83' lang='lat' dir='ltr'>AEtemum</span> <span class='ocrx_word' id='word_1_33' title='bbox 582 1982 747 2049; x_wconf 85' lang='lat' dir='ltr'>meditans</span> <span class='ocrx_word' id='word_1_34' title='bbox 762 1980 861 2049; x_wconf 89' lang='lat' dir='ltr'>decus</span> 
     </span>
    </p>

    <p class='ocr_par' dir='ltr' id='par_1_8' title="bbox 325 2092 999 2301">
     <span class='ocr_line' id='line_1_10' title="bbox 325 2092 911 2164; baseline -0.007 0"><span class='ocrx_word' id='word_1_35' title='bbox 325 2093 433 2164; x_wconf 87' lang='lat' dir='ltr'>Stellis</span> <span class='ocrx_word' id='word_1_36' title='bbox 448 2097 588 2164; x_wconf 75' lang='lat' dir='ltr'>inserere</span> <span class='ocrx_word' id='word_1_37' title='bbox 601 2109 635 2163; x_wconf 89' lang='lat' dir='ltr'>et</span> <span class='ocrx_word' id='word_1_38' title='bbox 649 2092 791 2162; x_wconf 89' lang='lat' dir='ltr'>concilio</span> <span class='ocrx_word' id='word_1_39' title='bbox 804 2092 911 2163; x_wconf 88' lang='lat' dir='ltr'>Jovis!</span> 
     </span>
     <span class='ocr_line' id='line_1_11' title="bbox 397 2207 999 2301; baseline 0.005 -24"><span class='ocrx_word' id='word_1_40' title='bbox 397 2210 515 2278; x_wconf 86' lang='lat' dir='ltr'>Dicam</span> <span class='ocrx_word' id='word_1_41' title='bbox 531 2210 678 2301; x_wconf 81' lang='lat' dir='ltr'>insigne,</span> <span class='ocrx_word' id='word_1_42' title='bbox 693 2233 822 2293; x_wconf 86' lang='lat' dir='ltr'>recens,</span> <span class='ocrx_word' id='word_1_43' title='bbox 836 2207 946 2277; x_wconf 91' lang='lat' dir='ltr'>adhuc</span> <span class='ocrx_word' id='word_1_44' title='bbox 995 2273 999 2280; x_wconf 87' lang='grc'><em>,</em></span> 
     </span>
    </p>

    <p class='ocr_par' dir='ltr' id='par_1_9' title="bbox 327 2321 1003 2527">
     <span class='ocr_line' id='line_1_12' title="bbox 327 2321 1003 2417; baseline 0 -27"><span class='ocrx_word' id='word_1_45' title='bbox 327 2323 493 2391; x_wconf 87' lang='lat' dir='ltr'>Indictum</span> <span class='ocrx_word' id='word_1_46' title='bbox 507 2347 564 2391; x_wconf 84' lang='lat' dir='ltr'>ore</span> <span class='ocrx_word' id='word_1_47' title='bbox 577 2321 653 2391; x_wconf 86' lang='lat' dir='ltr'>alio.</span> <span class='ocrx_word' id='word_1_48' title='bbox 668 2324 745 2393; x_wconf 91' lang='lat' dir='ltr'>Non</span> <span class='ocrx_word' id='word_1_49' title='bbox 760 2346 852 2401; x_wconf 87' lang='lat' dir='ltr'>secus</span> <span class='ocrx_word' id='word_1_50' title='bbox 866 2322 901 2390; x_wconf 88' lang='lat' dir='ltr'>in</span> <span class='ocrx_word' id='word_1_51' title='bbox 913 2323 1003 2417; x_wconf 84' lang='lat' dir='ltr'>jugis</span> 
     </span>
     <span class='ocr_line' id='line_1_13' title="bbox 399 2436 825 2527; baseline -0.002 -23"><span class='ocrx_word' id='word_1_52' title='bbox 399 2436 574 2504; x_wconf 82' lang='lat' dir='ltr'>Exsomnis</span> <span class='ocrx_word' id='word_1_53' title='bbox 589 2449 699 2527; x_wconf 83' lang='lat' dir='ltr'>stupet</span> <span class='ocrx_word' id='word_1_54' title='bbox 712 2437 825 2518; x_wconf 88' lang='lat' dir='ltr'>Evias,</span> 
     </span>
    </p>

    <p class='ocr_par' dir='ltr' id='par_1_10' title="bbox 327 2549 1035 2755">
     <span class='ocr_line' id='line_1_14' title="bbox 327 2549 1035 2641; baseline 0 -24"><span class='ocrx_word' id='word_1_55' title='bbox 327 2549 477 2617; x_wconf 85' lang='lat' dir='ltr'>Hebrum</span> <span class='ocrx_word' id='word_1_56' title='bbox 493 2550 712 2641; x_wconf 85' lang='lat' dir='ltr'>prospiciens,</span> <span class='ocrx_word' id='word_1_57' title='bbox 725 2563 757 2617; x_wconf 88' lang='lat' dir='ltr'>et</span> <span class='ocrx_word' id='word_1_58' title='bbox 771 2550 847 2616; x_wconf 88' lang='lat' dir='ltr'>nive</span> <span class='ocrx_word' id='word_1_59' title='bbox 861 2551 1035 2619; x_wconf 87' lang='lat' dir='ltr'>candidam</span> 
     </span>
     <span class='ocr_line' id='line_1_15' title="bbox 401 2662 873 2755; baseline -0.002 -24"><span class='ocrx_word' id='word_1_60' title='bbox 401 2662 570 2747; x_wconf 82' lang='lat' dir='ltr'>Thracen,</span> <span class='ocrx_word' id='word_1_61' title='bbox 584 2686 623 2730; x_wconf 89' lang='lat' dir='ltr'>ac</span> <span class='ocrx_word' id='word_1_62' title='bbox 636 2662 718 2755; x_wconf 84' lang='lat' dir='ltr'>pede</span> <span class='ocrx_word' id='word_1_63' title='bbox 730 2663 873 2732; x_wconf 86' lang='lat' dir='ltr'>barbaro</span> 
     </span>
    </p>

    <p class='ocr_par' dir='ltr' id='par_1_11' title="bbox 330 2769 1097 2984">
     <span class='ocr_line' id='line_1_16' title="bbox 330 2769 1097 2869; baseline -0.003 -23"><span class='ocrx_word' id='word_1_64' title='bbox 330 2781 518 2846; x_wconf 85' lang='lat' dir='ltr'>Lustratam</span> <span class='ocrx_word' id='word_1_65' title='bbox 534 2775 727 2869; x_wconf 81' lang='lat' dir='ltr'>Rhodopen.</span> <span class='ocrx_word' id='word_1_66' title='bbox 742 2779 790 2845; x_wconf 91' lang='lat' dir='ltr'>Ut</span> <span class='ocrx_word' id='word_1_67' title='bbox 803 2777 886 2845; x_wconf 91' lang='lat' dir='ltr'>mihi</span> <span class='ocrx_word' id='word_1_68' title='bbox 902 2776 997 2845; x_wconf 89' lang='lat' dir='ltr'>devio</span> <span class='ocrx_word' id='word_1_69' title='bbox 1091 2769 1097 2780; x_wconf 53' lang='lat'>⁸</span> 
     </span>
     <span class='ocr_line' id='line_1_17' title="bbox 401 2894 845 2984; baseline -0.002 -24"><span class='ocrx_word' id='word_1_70' title='bbox 401 2894 512 2984; x_wconf 83' lang='lat' dir='ltr'>Rupes</span> <span class='ocrx_word' id='word_1_71' title='bbox 525 2904 558 2958; x_wconf 89' lang='lat' dir='ltr'>et</span> <span class='ocrx_word' id='word_1_72' title='bbox 572 2914 713 2959; x_wconf 86' lang='lat' dir='ltr'>vacuum</span> <span class='ocrx_word' id='word_1_73' title='bbox 728 2915 845 2959; x_wconf 88' lang='lat' dir='ltr'>nemus</span> 
     </span>
    </p>

    <p class='ocr_par' dir='ltr' id='par_1_12' title="bbox 330 3002 937 3211">
     <span class='ocr_line' id='line_1_18' title="bbox 330 3002 937 3098; baseline -0.002 -25"><span class='ocrx_word' id='word_1_74' title='bbox 330 3006 447 3073; x_wconf 89' lang='lat' dir='ltr'>Mirari</span> <span class='ocrx_word' id='word_1_75' title='bbox 462 3002 558 3075; x_wconf 85' lang='lat' dir='ltr'>libet!</span> <span class='ocrx_word' id='word_1_76' title='bbox 575 3008 607 3074; x_wconf 94' lang='grc' dir='ltr'><strong>Ο</strong></span> <span class='ocrx_word' id='word_1_77' title='bbox 620 3004 787 3075; x_wconf 85' lang='lat' dir='ltr'>Naiadum</span> <span class='ocrx_word' id='word_1_78' title='bbox 802 3021 937 3098; x_wconf 86' lang='lat' dir='ltr'>potens,</span> 
     </span>
     <span class='ocr_line' id='line_1_19' title="bbox 403 3117 866 3211; baseline -0.002 -24"><span class='ocrx_word' id='word_1_79' title='bbox 403 3118 671 3211; x_wconf 83' lang='lat' dir='ltr'>Baccharumque</span> <span class='ocrx_word' id='word_1_80' title='bbox 684 3117 866 3186; x_wconf 81' lang='lat' dir='ltr'>valentium</span> 
     </span>
    </p>

    <p class='ocr_par' dir='ltr' id='par_1_13' title="bbox 333 3225 972 3437">
     <span class='ocr_line' id='line_1_20' title="bbox 333 3225 972 3301; baseline -0.005 -2"><span class='ocrx_word' id='word_1_81' title='bbox 333 3234 488 3299; x_wconf 80' lang='lat' dir='ltr'>Procerus</span> <span class='ocrx_word' id='word_1_82' title='bbox 501 3230 654 3299; x_wconf 88' lang='lat' dir='ltr'>manibus</span> <span class='ocrx_word' id='word_1_83' title='bbox 668 3245 796 3301; x_wconf 85' lang='lat' dir='ltr'>vertere</span> <span class='ocrx_word' id='word_1_84' title='bbox 810 3225 972 3299; x_wconf 82' lang='lat' dir='ltr'>fraxinos!</span> 
     </span>
     <span class='ocr_line' id='line_1_21' title="bbox 404 3342 968 3437; baseline -0.004 -23"><span class='ocrx_word' id='word_1_85' title='bbox 404 3342 460 3414; x_wconf 86' lang='lat' dir='ltr'>Nil</span> <span class='ocrx_word' id='word_1_86' title='bbox 475 3368 632 3437; x_wconf 86' lang='lat' dir='ltr'>parvum,</span> <span class='ocrx_word' id='word_1_87' title='bbox 644 3358 704 3412; x_wconf 85' lang='lat' dir='ltr'>aut</span> <span class='ocrx_word' id='word_1_88' title='bbox 716 3344 836 3413; x_wconf 92' lang='lat' dir='ltr'>humili</span> <span class='ocrx_word' id='word_1_89' title='bbox 850 3344 968 3428; x_wconf 90' lang='lat' dir='ltr'>modo,</span> 
     </span>
    </p>

    <p class='ocr_par' dir='ltr' id='par_1_14' title="bbox 334 3454 1081 3663">
     <span class='ocr_line' id='line_1_22' title="bbox 334 3454 1081 3550; baseline -0.007 -24"><span class='ocrx_word' id='word_1_90' title='bbox 334 3454 390 3526; x_wconf 88' lang='lat' dir='ltr'>Nil</span> <span class='ocrx_word' id='word_1_91' title='bbox 403 3454 542 3525; x_wconf 85' lang='lat' dir='ltr'>mortale</span> <span class='ocrx_word' id='word_1_92' title='bbox 557 3455 683 3549; x_wconf 84' lang='lat' dir='ltr'>loquar.</span> <span class='ocrx_word' id='word_1_93' title='bbox 698 3455 805 3525; x_wconf 89' lang='lat' dir='ltr'>Dulce</span> <span class='ocrx_word' id='word_1_94' title='bbox 819 3454 1002 3550; x_wconf 87' lang='lat' dir='ltr'>periculum</span> <span class='ocrx_word' id='word_1_95' title='bbox 1016 3468 1081 3538; x_wconf 85' lang='lat' dir='ltr'>est,</span> 
     </span>
     <span class='ocr_line' id='line_1_23' title="bbox 406 3565 818 3663; baseline 0 -25"><span class='ocrx_word' id='word_1_96' title='bbox 406 3572 438 3638; x_wconf 94' lang='grc' dir='ltr'><strong>Ο</strong></span> <span class='ocrx_word' id='word_1_97' title='bbox 451 3566 583 3640; x_wconf 76' lang='lat' dir='ltr'>Lenaee!</span> <span class='ocrx_word' id='word_1_98' title='bbox 600 3565 692 3663; x_wconf 90' lang='lat' dir='ltr'>sequi</span> <span class='ocrx_word' id='word_1_99' title='bbox 707 3573 818 3640; x_wconf 91' lang='lat' dir='ltr'>Deum</span> 
     </span>
    </p>

    <p class='ocr_par' dir='ltr' id='par_1_15' title="bbox 335 3682 989 3777">
     <span class='ocr_line' id='line_1_24' title="bbox 335 3682 989 3777; baseline -0.002 -26"><span class='ocrx_word' id='word_1_100' title='bbox 335 3683 531 3776; x_wconf 82' lang='lat' dir='ltr'>Cingcntem</span> <span class='ocrx_word' id='word_1_101' title='bbox 544 3682 644 3752; x_wconf 87' lang='lat' dir='ltr'>viridi</span> <span class='ocrx_word' id='word_1_102' title='bbox 659 3700 809 3777; x_wconf 83' lang='lat' dir='ltr'>tempora</span> <span class='ocrx_word' id='word_1_103' title='bbox 822 3685 989 3777; x_wconf 90' lang='lat' dir='ltr'>pampino.</span> 
     </span>
    </p>
   </div>
   <div class='ocr_carea' id='block_1_6' title="bbox 1088 2519 1122 2586">
    <p class='ocr_par' dir='ltr' id='par_1_16' title="bbox 1088 2519 1122 2586">
     <span class='ocr_line' id='line_1_25' title="bbox 1088 2519 1122 2586; baseline 0 0"><span class='ocrx_word' id='word_1_104' title='bbox 1088 2519 1122 2586; x_wconf 70' lang='grc' dir='ltr'><strong><em>Ο</em></strong></span> 
     </span>
    </p>
   </div>
   <div class='ocr_carea' id='block_1_7' title="bbox 0 0 1675 5342">
    <p class='ocr_par' dir='ltr' id='par_1_17' title="bbox 0 0 1675 5342">
     <span class='ocr_line' id='line_1_26' title="bbox 0 0 1675 5342; baseline 0 0"><span class='ocrx_word' id='word_1_105' title='bbox 0 0 1675 5342; x_wconf 95' lang='lat' dir='ltr'> </span> 
     </span>
    </p>
   </div>
  </div>
 </body>
</html>
