3325 5342
473 638 542 710 260
700 640 741 726 Q.
774 635 998 705 nontrn
1030 637 1226 707 rnuccr
1379 646 1461 700 aas

471 800 489 835 a
498 772 559 838 His
572 770 712 836 mixtum
723 768 778 859 jus
791 779 859 851 est,
873 762 964 849 oleo,
977 764 1067 857 quod
1081 766 1189 859 prima
1202 769 1340 839 Venafri

472 882 620 951 «Pressit
633 879 733 965 cella,
747 903 827 974 garo
842 878 883 947 de
897 877 1002 946 suecis
1016 878 1115 971 piscis
1130 879 1264 966 Hiberi,

475 996 592 1064 «Vino
605 992 832 1087 quinquenni,
845 1016 959 1060 verum
974 991 1057 1059 citra
1072 1017 1163 1061 mare
1176 1008 1273 1080 nato,

475 1112 594 1178 «Dum
607 1108 777 1201 coquitur,
790 1105 906 1200 (coeto
920 1105 1044 1174 Chium
1058 1107 1105 1174 sic
1118 1109 1289 1193 convenit,
1301 1122 1341 1176 ut
1353 1133 1425 1177 non

473 1255 490 1289 α
499 1230 572 1295 Hoc
585 1226 692 1319 magis
705 1222 812 1292 ullum
825 1222 935 1316 aliud)
944 1223 1056 1316 pipere
1070 1221 1166 1309 albo,
1179 1249 1247 1291 non
1261 1224 1333 1293 sine
1345 1241 1457 1307 aceto,

472 1370 489 1403 a
501 1339 603 1428 Quod
616 1338 871 1431 Methymnaeam
886 1336 968 1405 vitio
980 1337 1157 1405 mutaverit
1171 1360 1278 1406 uvam.

475 1480 493 1515 α
502 1455 627 1521 Erucas
640 1448 779 1534 virides,
792 1447 901 1517 inulas
914 1473 977 1542 ego
991 1448 1118 1542 primus
1131 1473 1258 1518 amaras

473 1563 686 1633 «Monstravi
701 1563 895 1655 incoquere,
909 1559 1021 1630 illutos
1034 1560 1197 1631 Curtillus
1210 1563 1361 1647 echinos,

474 1706 491 1740 a
501 1680 549 1746 Ut
561 1674 695 1761 melius,
709 1675 835 1760 muria,
848 1699 948 1768 quam
962 1689 1045 1743 testa
1058 1676 1187 1744 marina
1202 1678 1348 1746 remittit
1360 1708 1377 1742 n

522 1791 652 1856 lnterea
666 1810 823 1879 suspensa
839 1811 954 1880 graves
968 1786 1071 1856 aulaea
1086 1787 1197 1856 ruinas

476 1903 515 1967 ln
530 1899 677 1992 patinam
692 1897 815 1983 secere,
827 1898 993 1967 trahentia
1007 1898 1151 1992 pulveris
1165 1901 1227 1967 atri

475 2015 647 2101 Quantum
662 2037 729 2079 non
745 2009 866 2104 Aquilo
881 2013 1061 2105 Campanis
1072 2012 1191 2102 excitat
1205 2015 1301 2107 agris.

475 2128 545 2196 Nos
559 2124 665 2218 majus
679 2123 793 2210 veriti,
807 2138 982 2218 postquam
996 2123 1079 2197 nihil
1095 2150 1164 2194 esse
1177 2124 1291 2219 pericli

475 2239 662 2324 Sensimus,
675 2238 844 2332 erigimur.
860 2239 984 2325 Rufus,
998 2240 1106 2332 posito
1119 2240 1244 2334 capite,
1257 2255 1294 2308 ut
1308 2242 1335 2308 si

475 2353 581 2422 Filius
595 2354 791 2422 immaturus
804 2353 944 2439 obisset,
958 2353 1045 2422 llere.
1059 2353 1144 2441 Quis
1157 2370 1239 2424 esset

476 2467 587 2553 Finis,
601 2468 635 2534 ni
650 2467 779 2560 sapiens
792 2467 839 2534 sic
852 2470 1080 2537 Nomentanus
1093 2468 1235 2536 amicum

477 2578 638 2648 Tolleret:
653 2608 670 2643 ι(
679 2582 753 2648 Heu
766 2577 929 2649 Fortuna!
946 2581 1021 2673 quis
1034 2595 1083 2648 est
1096 2578 1262 2649 crudelior
1275 2580 1308 2649 in
1322 2605 1385 2649 nos

477 2695 550 2760 «Te
563 2691 677 2761 Deus?
690 2696 738 2761 Ut
751 2717 880 2788 semper
895 2692 1018 2787 gaudes
1033 2693 1170 2763 illudere
1184 2695 1281 2763 rebus

477 2803 681 2874 «Humanisl
693 2835 711 2871 a
723 2809 846 2875 Varius
859 2831 979 2900 mappa
993 2833 1199 2901 compescere
1213 2808 1315 2876 risum

476 2918 543 2987 vix
556 2933 694 3013 poterat.
710 2918 862 3005 Balatro,
876 2921 1079 3014 suspendens
1092 2923 1203 2989 omnia
1219 2946 1317 3005 naso,

477 3060 494 3094 c
505 3035 582 3101 Hree
596 3046 645 3101 est
658 3032 807 3101 conditio
821 3033 972 3119 vivendi,
985 3035 1109 3122 aiebat3
1122 3059 1226 3128 eoque

477 3148 714 3240 «Responsura
729 3162 787 3215 tuo
801 3172 983 3240 numquam
998 3162 1047 3217 est
1060 3173 1122 3241 par
1136 3149 1222 3217 fama
1236 3146 1353 3216 labori.

477 3287 494 3320 a
503 3262 609 3346 Tene,
622 3275 659 3329 ut
673 3284 735 3354 ego
749 3260 895 3353 accipiar
909 3258 1014 3345 laute,
1028 3261 1214 3354 torquerier
1227 3259 1318 3327 omni

477 3400 494 3434 c
504 3371 734 3441 sollicitudine
748 3371 959 3441 districtum?
972 3398 1014 3441 ne
1027 3374 1123 3466 panis
1135 3372 1289 3454 adustus,

478 3487 554 3555 «Ne
567 3483 653 3554 male
666 3485 838 3554 conditum
852 3486 906 3578 jus
920 3484 1129 3579 apponatur?
1142 3499 1180 3553 ut
1192 3508 1307 3552 omnes

477 3627 494 3661 «
505 3600 676 3668 Praecineti
691 3613 778 3668 necte
790 3599 886 3693 pueri
898 3599 1087 3693 comptique
1100 3595 1310 3666 ministrent?

478 3712 596 3784 «Adde
608 3713 669 3781 hos
684 3728 840 3807 praeterea
854 3737 964 3797 casus3
977 3711 1079 3780 anlaea
1093 3725 1192 3780 ruant
1206 3711 1251 3796 si,

478 3830 552 3896 «Ut
564 3827 683 3912 mod0;
696 3827 723 3895 si
740 3828 887 3921 patinam
901 3825 984 3921 pede
999 3826 1109 3921 lapsus
1123 3824 1256 3917 frangat
1269 3847 1380 3917 agaso.

478 3968 495 4002 c
504 3940 569 4008 Sed
582 3940 821 4026 convivatoris,
834 3942 883 4010 nti
898 3940 1009 4026 ducis,
1023 3939 1193 4035 ingenium
1208 3961 1260 4004 res

478 4051 655 4121 «Adversa
667 4052 794 4122 nudare
808 4052 932 4138 solent,
943 4053 1050 4122 celare
1064 4051 1222 4121 secundae.
1233 4079 1251 4113 a
