3325 5342
454 628 495 675 ιο
674 607 716 694 Q.
749 606 976 678 HORATll
1008 604 1204 676 FLACCI

544 737 613 806 Nos
627 736 796 821 convivis,
809 759 872 807 nos
885 732 999 827 proelio
1012 732 1200 827 virginum,

542 849 645 918 Sectis
660 849 694 917 in
704 850 843 941 juvenes
856 847 1026 942 unguibus
1039 847 1186 934 aerium,

543 965 725 1032 cantamus
739 963 854 1048 vacui,
867 963 936 1035 sive
949 961 1033 1059 quid
1045 961 1193 1046 urimur,

662 1078 739 1147 Non
754 1091 874 1170 pretor
887 1075 1022 1150 solitum
1037 1074 1133 1149 lovon.

445 1322 809 1348 mmmmm
1114 1321 1432 1349 mmmmm

782 1514 927 1600 ODE
967 1514 1089 1603 VII.

636 1754 697 1808 An
723 1751 985 1813 MUNATIUM
1010 1753 1241 1811 PLANCUM.

446 1966 664 2032 Lsuusnunn
677 1958 735 2033 alii
749 1957 873 2033 claram
888 1958 1051 2048 Rhodon,
1063 1976 1122 2035 aut
1134 1962 1334 2058 Mitylenen,

565 2077 634 2145 Aut
647 2072 820 2166 Epheson,
833 2071 1012 2147 bimarisve
1024 2074 1180 2148 Corinthi

443 2186 587 2273 Moenia,
599 2184 650 2259 vel
665 2186 795 2261 Bnccbo
806 2185 955 2276 Thebas,
967 2185 1019 2261 vel
1034 2186 1192 2286 Apolline
1204 2188 1355 2288 Delphos

565 2298 732 2391 lusignes,
745 2313 804 2371 aut
816 2298 974 2374 Thessala
987 2303 1120 2397 Tempe.

444 2417 529 2482 Sunt
542 2413 663 2507 quibus
677 2437 782 2482 unum
796 2438 881 2507 opus
894 2429 944 2482 est
958 2414 1088 2484 inractae
1102 2415 1246 2486 Palladis
1260 2417 1375 2487 urbem

564 2527 722 2603 Carmine
735 2542 897 2627 perpetuo
910 2529 1095 2618 celebrare,
1107 2544 1142 2603 et

444 2640 601 2736 Undique
614 2642 804 2739 decerptum
817 2641 921 2717 fronti
935 2668 1128 2741 preponere
1140 2644 1273 2720 olivaro,

564 2753 732 2830 Plurimus
745 2757 781 2831 in
794 2757 935 2831 lunonis
949 2757 1112 2831 honorem

443 2868 569 2960 Aprum
584 2867 665 2937 dicit
678 2869 772 2967 equis
785 2870 913 2962 Argos,
925 2867 1074 2965 ditesque
1086 2871 1252 2965 Myoenas.

563 2984 619 3049 Me
633 3006 694 3050 noc
707 2995 775 3049 tum
789 2982 918 3075 patiens
931 2981 1167 3069 Lacedaemon,

442 3096 512 3166 Nec
526 3108 593 3163 tam
608 3095 747 3169 Larissae
761 3095 923 3193 percussit
935 3120 1072 3195 campus
1086 3097 1226 3195 opime,

563 3209 674 3297 Quam
689 3208 810 3283 domus
821 3207 982 3284 runnu
996 3211 1200 3301 resonantis,

442 3324 485 3390 Et
498 3345 643 3416 praeceps
657 3323 764 3411 Anio,
777 3347 816 3397 ac
828 3322 971 3397 Tiburni
985 3322 1099 3413 luctu,
1111 3339 1147 3398 et
1158 3324 1226 3399 udn

563 3436 746 3507 Mobilibus
759 3438 910 3531 pomario
925 3438 1014 3512 rivis.

443 3547 548 3619 Albus
564 3565 601 3619 ut
614 3551 755 3620 obscuro
770 3552 918 3647 deterget
931 3551 1046 3621 nubila
1060 3553 1142 3621 coelo

563 3667 656 3762 Seps
668 3667 796 3755 Notus,
806 3684 916 3766 neque
927 3668 1070 3763 parturit
1084 3667 1207 3740 imbres

444 3779 624 3870 Perpetuo,
638 3779 686 3852 sin
699 3792 737 3853 tn
750 3781 881 3880 sopiens
893 3780 991 3855 finire
1004 3795 1172 3854 numento

562 3891 766 3981 Tristitinn,
776 3893 920 3994 vimque
931 3893 1062 3969 labores

443 4000 558 4089 Molli,
571 4002 708 4092 Plance,
721 4032 832 4099 mero;
845 4034 902 4085 sen
917 4025 949 4083 te
963 4007 1125 4107 fingentis
1139 4009 1242 4107 signis
