3325 5342
250 608 326 655 v·5⁰
406 605 763 674 EPISTOLARUM
786 605 938 673 LIBER
963 607 988 673 1.
1016 630 1047 674 n.
1160 608 1231 704 269

251 736 286 806 Si
300 733 517 828 comportatis
531 733 628 801 rebus
642 732 726 802 bene
739 734 864 828 cogitat
877 734 936 802 uti.

252 850 321 939 Qui
335 849 428 943 cupit
441 861 499 916 aut
512 847 647 934 metuit,
657 847 753 940 juvat
767 846 863 916 ilium
877 848 925 916 sic
939 848 1075 934 domus,
1087 864 1121 917 et
1135 875 1204 937 res,

253 968 301 1034 Ut
312 963 440 1057 lippum
454 962 550 1054 pictae
563 959 702 1046 tabulae,
715 959 862 1029 fomenta
875 961 1075 1056 podagram,

255 1073 430 1144 Auriculas
443 1072 578 1141 cithare
591 1069 729 1140 collecta
742 1072 840 1141 sorde
854 1072 1011 1142 dolentes.

255 1187 429 1257 Sincerum
440 1199 489 1254 est
500 1184 564 1253 nisi
576 1208 651 1269 vas,
663 1183 895 1277 quodcumque
907 1184 1071 1274 infundis,
1080 1189 1208 1256 acescit.

256 1301 381 1394 Sperne
394 1296 597 1392 voluptates3
610 1311 707 1365 nocet
720 1312 831 1392 empta
846 1297 960 1368 dolore
972 1299 1133 1395 voluptas.

172 1437 175 1444 ⁴
257 1416 394 1507 Semper
407 1437 526 1482 avarus
540 1425 632 1506 eget;
646 1425 772 1479 certum
787 1426 865 1480 voto
879 1427 953 1506 pete
967 1414 1077 1485 finem.

257 1526 393 1596 Invidus
407 1525 542 1595 alterius
555 1526 729 1594 macrescit
743 1525 841 1594 rebus
854 1527 984 1619 opimis.

256 1638 387 1709 Invidia
400 1637 504 1707 Siculi
519 1663 588 1707 non
602 1639 757 1706 invenere
770 1639 903 1731 tyranni

256 1752 366 1846 Majus
380 1766 592 1820 tormentum.
609 1751 678 1842 Qui
693 1776 761 1819 non
775 1751 1004 1821 moderabitur
1017 1753 1089 1841 irae,

257 1864 418 1934 infectum
433 1863 522 1934 volet
535 1890 622 1951 esse,
636 1863 733 1933 dolor
746 1863 838 1958 quod
852 1865 991 1933 suaserit
1003 1880 1036 1934 et
1050 1892 1159 1956 mens,

258 1981 348 2046 Dum
363 2002 477 2071 poenas
490 1976 569 2046 odio
584 1978 723 2071 pervim
738 1978 872 2045 festinat
886 1977 1002 2047 inulto.

259 2095 313 2159 Ira
327 2090 422 2159 furor
434 2091 544 2160 brevis
557 2106 623 2178 est3
636 2091 785 2160 animum
801 2115 892 2186 rege,
906 2092 963 2185 qui
979 2093 1042 2161 nisi
1056 2110 1165 2187 paret,

259 2207 422 2297 Imperat;
434 2203 524 2272 huuc
538 2202 666 2290 frenis,
679 2204 769 2272 hunc
783 2217 820 2272 tu
834 2228 1004 2297 compesce
1017 2220 1140 2276 catena.

260 2317 371 2412 Fingit
385 2341 507 2410 equum
522 2331 636 2387 tenera
649 2316 790 2387 docilem
805 2319 930 2386 cervice
944 2319 1099 2414 magister

260 2434 331 2516 Ire,
344 2431 430 2499 viam
445 2455 511 2525 qua
525 2444 688 2500 monstret
701 2454 811 2524 eques.
825 2431 1023 2518 Venaticus,
1036 2457 1075 2500 ex
1089 2458 1155 2526 quo

260 2548 422 2639 Tempore
436 2546 604 2614 cervinam
618 2542 738 2640 pellem
753 2542 886 2612 latravit
901 2545 934 2613 in
948 2543 1042 2632 aula,

261 2657 386 2727 Militat
399 2659 433 2727 in
448 2659 538 2729 silvis
552 2658 690 2729 catulus.
704 2661 804 2729 Nunc
817 2658 937 2727 adhibe
951 2684 1036 2752 puro

261 2776 396 2841 Pectore
409 2775 509 2843 verba
523 2800 621 2869 puer,
635 2798 723 2842 nunc
738 2787 770 2841 te
783 2773 977 2842 melioribus
991 2773 1084 2843 offer.

264 2887 341 2974 Quo
355 2887 454 2957 semei
468 2902 518 2957 est
533 2889 660 2957 imbuta
676 2911 807 2974 recens,
821 2888 965 2956 servabit
976 2887 1112 2957 odorem

263 3003 360 3070 Testa
374 3000 442 3072 diu.
456 3002 557 3094 Quod
571 3003 598 3070 si
613 3026 736 3088 cessas,
749 3015 807 3070 aut
820 3016 974 3070 strenuus
988 3002 1111 3087 anteis‚

265 3115 334 3184 Nec
347 3114 477 3185 tardum
492 3117 663 3211 opperior,
676 3140 738 3185 nec
752 3116 1012 3209 precedentibus
1027 3117 1123 3185 insto.
