3325 5342
433 665 502 736 268
658 669 701 755 Q.
733 666 954 734 nonxru
986 665 1180 734 snxcc1

431 801 476 866 Et
488 821 596 866 mores
608 796 782 865 hominum
797 795 957 890 inspexit,
971 793 1140 890 latumque
1154 820 1213 889 per
1225 821 1362 891 aequor,

433 913 523 980 Dum
538 910 619 996 sibi,
633 910 712 979 dum
727 909 824 978 sociis
839 908 982 977 reditum
994 922 1106 1002 parat,
1120 933 1234 1002 aspera
1249 910 1361 980 multa

433 1024 591 1111 Pertulit,
604 1024 749 1093 adversis
763 1048 873 1092 rerum
889 1022 1120 1092 immersabilis
1134 1023 1241 1093 undis.

434 1139 588 1207 Sirenum
602 1162 715 1225 voces,
728 1151 761 1205 et
774 1138 880 1207 Ciroee
893 1135 1012 1231 pocula
1027 1137 1131 1222 uosti;

436 1253 520 1341 Quae
533 1252 560 1320 si
575 1276 651 1320 cum
666 1251 763 1320 sociis
777 1248 896 1319 stultus
910 1249 1115 1343 cupidusque
1129 1249 1282 1338 bibisset,

436 1364 504 1432 Sub
519 1363 653 1433 domina
667 1364 838 1432 meretrice
852 1363 966 1431 fuisset
980 1363 1086 1456 turpis
1100 1376 1133 1430 et
1146 1387 1277 1450 excors,

438 1477 582 1545 Vixisset
596 1477 686 1544 canis
701 1476 912 1562 immundus,
926 1473 977 1544 vel
991 1476 1097 1543 amica
1112 1472 1182 1543 luto
1196 1501 1260 1545 sus.

438 1591 508 1660 Nos
522 1613 679 1658 numerus
692 1589 870 1676 sumus,et
884 1588 996 1683 fruges
1010 1613 1206 1658 consumere
1220 1590 1308 1676 nati,

438 1704 557 1796 Sponsi
571 1700 760 1798 Penelopea,
774 1701 973 1790 nebulones,
986 1701 1181 1796 Alcinoique

440 1820 478 1885 ln
493 1829 568 1886 cute
581 1817 728 1886 curanda
742 1816 816 1911 plus
829 1842 925 1910 aequo
939 1831 1075 1911 operata
1086 1817 1260 1910 juventus,

440 1930 504 2000 Cui
519 1928 696 2023 pulchrum
710 1930 774 1998 fuit
789 1932 823 1998 in
839 1930 966 1999 medios
980 1929 1126 1999 dormire
1141 1930 1228 2016 dies,
1240 1943 1274 1997 et

441 2042 494 2113 Ad
509 2044 681 2136 strepitum
696 2043 830 2112 cinara
844 2059 1005 2113 cessatum
1021 2044 1140 2112 ducere
1153 2068 1276 2112 curam.

441 2160 489 2226 Ut
498 2156 653 2250 jugulent
665 2157 852 2244 hominem,
866 2173 1007 2253 surgunt
1021 2157 1062 2227 de
1076 2172 1172 2226 nocte
1186 2154 1349 2243 latrones,

442 2276 490 2341 Ut
502 2286 535 2340 te
549 2273 656 2367 ipsum
671 2297 796 2359 serves,
811 2298 880 2341 non
894 2272 1152 2368 expergisceris?
1166 2273 1269 2368 Atqui

443 2388 477 2457 Si
492 2387 583 2457 noles
597 2413 714 2474 sanus,
727 2413 839 2458 curres
853 2388 1072 2484 hydropicus,
1083 2404 1116 2457 et
1130 2389 1164 2457 ni

443 2504 561 2569 Posces
575 2515 651 2570 ante
665 2500 752 2571 diem
768 2502 890 2571 librum
905 2528 980 2571 cum
997 2503 1140 2589 lumine,
1153 2503 1180 2571 si
1195 2528 1263 2571 non

444 2614 600 2684 Intendes
613 2617 762 2685 animum
776 2617 895 2686 studiis
909 2632 941 2685 et
955 2617 1053 2686 rebus
1066 2617 1231 2702 honestis,

444 2727 574 2796 Invidia
587 2727 638 2797 vel
652 2754 765 2798 amore
778 2729 859 2824 vigil
873 2730 1079 2823 torquebere.
1093 2733 1180 2800 Nam
1194 2754 1269 2816 cur,

445 2840 529 2929 Quae
544 2840 666 2910 laedunt
679 2842 831 2930 oculum,
845 2842 979 2912 festinas
992 2843 1141 2931 demere3
1155 2844 1181 2912 si
1196 2842 1279 2937 quid

445 2958 504 3024 Est
517 2958 682 3045 animum,
697 2957 811 3027 differs
823 2958 961 3027 curandi
977 2973 1106 3053 tempus
1121 2959 1156 3026 in
1169 2956 1318 3027 annum?

446 3068 631 3137 Dimidium
645 3070 740 3157 facti,
754 3070 811 3164 qui
826 3072 942 3165 coepit,
956 3071 1063 3140 habet.
1077 3074 1198 3164 Sapere
1211 3070 1314 3157 aude3

446 3181 567 3274 Incipe.
581 3182 724 3252 Vivendi
738 3184 796 3277 qui
811 3198 898 3252 recte
912 3198 1070 3279 prorogat
1083 3184 1218 3269 horam,

446 3295 601 3364 Rusticus
613 3310 777 3391 exspectat
792 3297 871 3365 dum
886 3294 1010 3366 defluat
1023 3298 1147 3384 amnis;
1159 3311 1194 3366 at
1208 3296 1264 3365 ille

446 3407 603 3496 Labitur,
616 3424 649 3478 et
663 3409 793 3479 labetur
805 3410 841 3479 in
854 3434 953 3479 omne
966 3409 1122 3479 volubilis
1136 3435 1253 3479 aevum.

447 3520 616 3608 Quaeritur
628 3538 821 3617 argentum,
835 3524 1011 3618 puerisque
1024 3524 1118 3593 beata
1133 3522 1283 3592 creandis

446 3636 555 3721 Uxor,
569 3650 602 3704 et
615 3637 746 3707 incultae
760 3653 921 3732 pacantur
934 3662 1066 3706 vomere
1079 3636 1177 3706 silvae.

447 3749 549 3836 Quod
563 3751 641 3819 satis
654 3766 720 3839 est,
734 3755 787 3822 cui
801 3754 983 3848 contingit,
996 3752 1079 3822 nihil
1094 3750 1236 3847 amplius
1249 3764 1350 3845 optet.

446 3865 524 3935 Non
539 3862 656 3934 domus
669 3880 703 3934 ct
716 3866 856 3954 fundus,
869 3893 937 3937 nou
951 3869 1025 3937 teris
1039 3892 1174 3936 acervus
1187 3882 1222 3936 et
1234 3866 1306 3934 auri

448 3978 585 4069 AEgroto
599 3977 725 4046 domini
740 3979 876 4050 deduxit
890 4005 1028 4074 corpore
1042 3979 1166 4067 febres,

447 4089 525 4158 Non
538 4088 650 4158 animo
664 4116 768 4161 curas.
782 4092 901 4163 Valeat
913 4118 1079 4187 possessor
1092 4105 1241 4187 oportet,
