3325 5342
220 657 295 720 v·e5
390 655 694 722 SATIRARUM
725 657 882 724 LIBER
913 660 962 726 ll.
995 682 1026 751 7.
1129 661 1195 757 257

221 786 282 858 Vel
297 809 400 880 quum
414 785 572 852 Pausiaca
586 798 714 877 torpes,
729 786 860 872 insane,
873 785 1011 873 tabella,

222 903 290 990 Qui
305 924 419 995 peccas
430 899 541 967 minus
553 912 651 992 atque
662 924 743 993 ego,
754 925 858 993 quum
870 901 964 970 Fulvi
977 907 1201 1000 Rutubaeque,

223 1019 291 1084 Aut
305 1011 505 1084 Placideiani
520 1026 676 1080 contento
691 1013 815 1106 poplite
829 1015 934 1084 miror

225 1125 359 1211 Prelio,
374 1126 505 1194 rubrica
520 1124 608 1218 picta
622 1138 679 1191 aut
693 1126 855 1211 carbone,
868 1127 958 1197 velut
971 1131 998 1197 si

226 1244 364 1310 Revera
379 1252 547 1333 pugnent,
561 1236 699 1323 feriant,
711 1240 881 1334 vitentque
894 1259 1061 1312 moventes

226 1358 330 1423 Arma
344 1352 430 1420 viri?
443 1354 594 1446 Nequam
609 1366 642 1419 et
656 1365 799 1420 cessator
811 1356 943 1442 Davus,
956 1371 989 1425 at
1004 1359 1072 1451 ipse
1181 1446 1185 1453 1

226 1464 364 1535 Subtiiis
380 1479 527 1533 veterum
539 1464 642 1557 judex
655 1477 688 1530 et
702 1460 840 1531 callidus
854 1466 957 1535 audis.

226 1578 282 1650 Nil
298 1603 378 1672 ego,
391 1579 420 1646 si
435 1578 540 1647 ducor
554 1575 624 1645 libo
638 1576 805 1662 firmante3
819 1577 880 1644 tibi
896 1578 1011 1674 ingens

226 1692 342 1761 Virtus
356 1706 456 1784 atque
469 1692 600 1758 animus
615 1690 716 1758 coenis
731 1705 901 1782 responsat
914 1693 1042 1784 opimis.

227 1806 433 1898 Obsequium
447 1805 572 1873 ventris
587 1805 669 1872 mihi
685 1804 903 1898 perniciosius
915 1820 982 1894 est;
995 1808 1075 1875 cur?

228 1922 336 2011 Tergo
350 1916 476 2012 plector
488 1919 587 1986 enim.
603 1916 718 2006 Quid?
731 1932 769 1985 tu
784 1918 980 2010 impunitior
995 1919 1068 2006 iila,

228 2033 311 2120 Quae
325 2056 428 2124 parvo
443 2032 527 2100 sumi
544 2046 731 2124 nequeunt,
745 2031 884 2124 opsonia
898 2032 1031 2125 captas?

229 2148 355 2240 Nempe
371 2147 614 2215 inamarescunt
627 2145 732 2240 epulae
745 2146 817 2213 sine
831 2145 897 2213 fine
911 2147 1037 2239 petitae,

230 2256 388 2352 Illusique
401 2258 500 2352 pedes
514 2258 670 2327 vitiosum
686 2257 772 2326 ferre
787 2273 940 2326 recusant

229 2374 368 2465 Corpus.
383 2373 434 2440 An
449 2370 504 2439 hic
518 2385 649 2464 peccat,
664 2371 725 2438 sub
742 2384 872 2438 noctem
886 2371 944 2464 qui
959 2395 1041 2464 puer
1054 2395 1151 2440 uvam

230 2486 365 2554 Furtiva
379 2499 485 2553 mutat
497 2483 640 2578 strigili?
653 2485 723 2572 Qui
738 2483 860 2577 praedia
875 2485 1005 2569 vendit,

229 2601 285 2672 Nil
300 2599 434 2687 servile,
449 2600 533 2696 gulae
547 2625 685 2694 parens,
699 2599 821 2668 habet?
837 2600 949 2687 Adde,
963 2601 1053 2695 quod
1068 2601 1153 2668 idem

230 2716 307 2783 Non
320 2713 436 2781 horam
450 2727 560 2782 tecum
573 2738 643 2781 esse
657 2727 768 2805 potes,
782 2738 850 2781 non
865 2714 933 2781 otia
948 2728 1034 2783 recte

231 2831 375 2914 Ponere,
386 2843 483 2922 teque
497 2829 605 2921 ips⁰um
620 2829 722 2912 vitas,
735 2826 896 2921 fugitivus
909 2842 942 2896 et
955 2853 1049 2909 erro,

231 2944 302 3010 Jam
318 2944 395 3009 vino
410 2966 574 3035 quaerens,
584 2941 654 3033 jam
669 2965 785 3009 somno
801 2939 914 3009 fallere
927 2965 1060 3027 curam,

232 3059 385 3142 Frustra,
397 3081 474 3124 narn
486 3080 594 3124 comes
605 3070 678 3124 atra
692 3055 812 3149 premit
824 3056 1038 3148 sequiturque
1049 3054 1208 3147 fugacem.

617 3218 828 3264 nonarius.

234 3321 333 3391 Unde
342 3322 423 3390 mihi
434 3320 595 3414 lapidem?

654 3462 790 3509 navus

605 3569 776 3656 Quorsum
785 3584 834 3637 est
843 3567 946 3662 opus?

617 3731 828 3779 nonarius.

951 3817 1049 3886 Unde
1058 3814 1214 3908 sagittas?

656 3956 790 4001 Davus.

237 4069 305 4136 Aut
318 4069 439 4137 insanit
452 4069 572 4155 bomo,
585 4083 642 4138 aut
657 4094 769 4137 versus
783 4069 871 4136 facit.
