3325 5342
238 687 261 720 v.
281 677 313 731 tt
412 662 719 732 SATIRARUM
751 662 907 729 LIBER
937 664 962 729 Ι.
994 686 1044 731 ιο.
1148 693 1216 763 217

236 801 344 890 Atque
358 790 557 886 quibusdam
569 788 660 877 aliis,
673 789 792 859 melius
803 790 894 884 quod
906 790 1049 860 scribere
1059 817 1207 886 possem,

238 915 413 979 Inventore
428 905 538 972 minor
550 928 560 986 3
572 928 679 996 neque
692 928 755 998 ego
769 902 817 972 illi
833 903 1004 973 detrahere
1016 906 1122 974 ausim

238 1026 425 1092 Haerentem
439 1018 540 1111 capiti
554 1041 630 1086 cum
645 1015 751 1085 multa
766 1015 863 1086 laude
877 1042 1044 1088 coronam.
1073 1034 1077 1043 ’

239 1139 282 1204 At
296 1134 364 1203 dini
379 1132 480 1200 lluere
493 1131 583 1198 hunc
597 1128 816 1216 lutulentum,
829 1156 913 1225 saepe
928 1131 1087 1202 ferentem

240 1247 341 1317 Plura
354 1245 488 1340 quidem
503 1242 648 1312 tollenda
662 1241 894 1335 relinquendis.
911 1248 999 1339 Age,
1012 1272 1138 1340 quaeso,

240 1365 292 1430 Tu
306 1358 390 1428 nihil
406 1359 439 1427 in
454 1382 575 1451 magno
590 1357 705 1425 doctus
720 1357 890 1449 reprendis
903 1359 1072 1428 Homero?

241 1472 297 1546 Nil
312 1472 416 1542 comis
430 1471 547 1565 tragici
561 1483 668 1538 mutat
682 1469 831 1538 Lucilius
845 1469 946 1539 Acci?

240 1589 317 1657 Non
333 1586 419 1654 ridet
432 1608 544 1653 versus
557 1583 646 1651 Enni
661 1582 823 1676 gravitate
837 1583 999 1671 minores,

242 1701 356 1788 Quum
372 1698 412 1767 de
426 1722 460 1766 se
475 1696 638 1791 loquitur,
653 1720 720 1763 non
735 1709 772 1763 ut
787 1696 912 1788 majore
927 1698 1111 1790 reprensis?

243 1811 334 1902 Quid
347 1826 435 1880 vetat
448 1826 481 1879 et
495 1823 625 1879 nosmet
638 1792 747 1878 Lucili
763 1810 885 1903 scripta
899 1808 1044 1904 legentes

242 1927 398 2015 Quaerere
411 1950 492 1993 num
506 1922 614 2011 illins,
628 1947 709 1992 num
725 1947 836 1991 rerum
851 1922 935 1992 dura
948 1924 1077 2018 negarit

242 2036 430 2107 Versiculos
444 2051 563 2105 natura
578 2037 685 2131 magis
699 2036 821 2122 factos,
835 2051 868 2105 et
881 2051 997 2106 euntes

242 2149 396 2238 Mollius,
409 2175 448 2219 ac
462 2151 489 2219 si
504 2151 579 2243 quis
593 2148 734 2245 pedibus
748 2149 829 2244 quid
845 2147 998 2219 claudere
1012 2151 1116 2235 senis,

242 2266 314 2333 Hoc
327 2278 475 2350 tantum,
488 2277 682 2350 contentus,
695 2277 784 2332 amet
798 2263 966 2357 scripsisse
979 2262 1139 2333 ducentos

243 2378 328 2446 Ante
342 2378 454 2446 cibum
469 2401 601 2462 versus,
615 2376 754 2445 totidem
768 2375 938 2445 coenatus?
950 2378 1080 2446 Etrusci

243 2490 350 2580 Quale
362 2491 428 2560 fnit
437 2491 531 2561 Cassi
547 2490 663 2584 rapido
678 2489 858 2559 ferventius
871 2491 960 2559 amni

243 2605 437 2700 Ingenium,
450 2605 557 2698 capsis
571 2629 670 2699 quem
686 2604 774 2673 fama
787 2619 837 2674 est
850 2630 920 2674 esse
933 2603 1092 2698 librisque

243 2719 439 2789 Ambustum
454 2719 608 2812 propriis.
623 2719 737 2787 Fuerit
750 2717 918 2804 Lucilius,
933 2719 1086 2812 inquam,

243 2833 355 2903 Comis
368 2848 401 2902 et
415 2831 569 2918 urbanis,
582 2814 682 2901 inierit
696 2830 842 2900 limatior
857 2831 963 2916 idem,

243 2948 352 3035 Quam
367 2945 459 3015 rudis
471 2960 504 3015 et
518 2946 644 3015 Graecis
658 2946 774 3013 intacti
788 2945 945 3014 carminis
957 2957 1091 3029 auctor,

243 3061 419 3152 Quamque
433 3074 607 3153 poetarum
621 3059 789 3131 seniorum
804 3058 918 3127 turba:
934 3057 991 3126 sed
1005 3055 1078 3143 ille,

243 3174 278 3240 Si
293 3172 379 3241 foret
391 3171 455 3240 hoc
467 3186 618 3240 nostrum
633 3170 701 3240 fato
715 3171 869 3267 delapsus
884 3172 918 3240 in
932 3196 1056 3256 aevum,

243 3287 416 3353 Detereret
430 3284 491 3352 sibi
506 3283 628 3371 multa3
643 3284 803 3355 recideret
816 3311 916 3355 omne
932 3284 1022 3379 quod
1036 3281 1123 3353 ultra

244 3397 429 3466 Perfectum
443 3397 642 3484 traheretur,
655 3413 688 3467 et
703 3399 737 3466 in
752 3424 849 3469 versu
864 3398 1015 3468 faciendo

242 3514 334 3605 Saepe
346 3525 445 3606 caput
459 3512 621 3599 scaberet,
632 3513 725 3582 vivos
740 3528 774 3582 et
789 3514 922 3583 roderet
935 3536 1073 3606 ungues.
1156 3520 1165 3541 ⁶

242 3627 334 3718 Saepe
348 3624 467 3719 stylum
482 3640 607 3713 vertas,
621 3628 741 3696 iterum
756 3653 829 3722 qnae
846 3627 947 3721 digna
962 3625 1027 3718 legi
1042 3624 1124 3709 sint,

242 3739 449 3832 Scripturns3
463 3765 570 3834 neque
585 3756 617 3810 te
630 3757 668 3810 nt
682 3743 823 3812 miretur
837 3742 952 3826 turba,
967 3738 1113 3822 labores,

242 3855 428 3922 Contentus
442 3855 556 3947 paucis
571 3854 758 3925 lectoribus
774 3859 828 3926 An
843 3870 900 3924 tua
914 3854 1047 3923 demens

241 3967 375 4036 Vilibus
390 3969 423 4036 in
439 3967 527 4037 ludis
542 3969 660 4038 dictari
675 3972 822 4038 carmina
838 3967 959 4038 malis?

241 4083 317 4152 Non
325 4106 486 4175 eg03nam
495 4085 626 4152 satisest
634 4084 778 4176 equitem
786 4084 868 4151 mihi
877 4081 1093 4176 plaudere,nt
1101 4077 1208 4147 audax
1221 4125 1232 4158 ,
