3325 5342
435 629 477 699 16

658 630 700 719 Q.
733 628 955 698 nonnru
986 626 1182 695 rnnccr

573 756 699 829 Praeliis
713 757 830 826 audax.
846 757 962 848 Neque
976 768 1008 822 te
1023 753 1144 840 silebo,

575 872 692 955 Liber,
705 883 738 939 et
753 869 846 938 saevis
861 868 995 937 inimica
1009 868 1104 962 virgo

575 983 715 1069 Belluis,
728 1008 789 1052 nec
803 997 854 1069 te,
867 982 1042 1053 metuende
1056 997 1164 1068 certa,

718 1096 860 1181 Phoebe,
874 1096 1001 1191 sagitta.

573 1351 692 1419 Dicam
706 1362 740 1415 et
755 1344 912 1430 Alciden,
926 1369 1112 1439 puerosque
1125 1344 1240 1429 Ledae,

573 1468 671 1533 Hunc
684 1463 795 1555 equis,
809 1458 903 1529 illum
918 1483 1073 1554 superare
1087 1461 1208 1554 pugnis

573 1575 745 1663 Nobilem3
759 1599 901 1669 quorum
917 1573 1014 1643 simul
1029 1574 1104 1644 alba
1118 1578 1227 1643 nautis

717 1689 817 1759 Stella
832 1687 975 1774 refulsit,

572 1943 701 2013 Defluit
715 1945 801 2013 saxis
815 1945 960 2038 agitatus
973 1944 1110 2029 humor,

574 2055 766 2125 Concidunt
779 2058 888 2143 venti,
902 2057 1101 2152 fugiuntque
1116 2058 1238 2143 nubes,

573 2174 615 2239 Et
630 2172 759 2257 minax,
772 2197 839 2265 qua
853 2173 900 2241 sic
914 2170 1064 2257 voluere,
1079 2187 1182 2265 ponto

718 2284 819 2353 Unda
835 2286 1006 2354 recumbit.

574 2535 755 2606 Romulum
769 2552 845 2630 post
858 2537 919 2606 hos
933 2538 1044 2631 prius,
1057 2563 1100 2606 an
1115 2539 1264 2632 quietum

574 2651 717 2748 Pompili
733 2677 873 2747 regnum
888 2677 1087 2740 memorem,
1101 2679 1144 2721 an
1158 2653 1316 2746 superbos

572 2765 734 2860 Tarquini
749 2764 869 2849 fasces,
883 2764 1018 2849 dubito,
1032 2790 1075 2833 an
1090 2767 1227 2836 Catonis

718 2877 839 2948 Nobile
853 2876 988 2945 lethum.

573 3117 757 3212 Regulum,
770 3131 803 3185 et
817 3121 976 3204 Soauros,
989 3120 1172 3215 animaque
1185 3146 1313 3216 magna

572 3230 754 3323 Prodigum
769 3228 928 3316 Paulum,
942 3247 1117 3324 superante
1130 3235 1250 3319 Poeno,

573 3348 698 3416 Gratus
712 3344 835 3437 insigni
851 3343 990 3413 referam
1004 3348 1167 3434 Camena,

718 3457 981 3553 Fabriciumque.

570 3705 686 3786 Hunc,
698 3716 732 3771 et
745 3702 922 3796 inoomptis
936 3704 1075 3773 Curium
1090 3705 1218 3798 capillis

571 3812 696 3883 Utilem
710 3809 798 3884 bello
812 3814 908 3901 tulit,
920 3829 954 3883 et
967 3814 1145 3886 Camillum

573 3929 662 3996 Saeva
677 3944 871 4021 paupertas,
884 3943 918 3998 et
929 3930 1038 4001 avitus
1052 3946 1130 4025 apto

718 4044 805 4111 Cum
819 4040 888 4110 lare
902 4042 1033 4115 fiindus.
