3325 5342
444 636 513 705 ,ιε
670 634 711 721 Q.
743 632 965 700 nonanti
998 632 1192 700 nuncet
1346 657 1372 686 v·
1395 657 1426 701 υ

443 764 651 857 Contemptis
663 761 755 845 aliis,
767 758 902 852 explosa
914 757 1098 829 Arbuscula
1112 759 1206 830 dixit

442 877 531 948 Men’
545 890 675 947 moveat
687 875 793 943 cimex
807 871 991 943 Pantilius?
1003 887 1061 941 aut
1074 875 1216 961 cmciet,
1230 881 1321 971 quod

443 990 582 1061 Vellicet
588 990 764 1058 absentem
778 984 991 1059 Demetrius?
1004 1001 1063 1055 aut
1075 987 1168 1080 quod
1183 989 1313 1084 ineptus

443 1104 589 1173 Fannius
601 1099 820 1194 Hermogenis
835 1098 931 1167 laednt
944 1100 1083 1169 conviva
1096 1100 1237 1195 Tigelli?

442 1217 569 1286 Plotius
582 1229 616 1285 et
627 1214 766 1300 Varius,
778 1216 960 1297 Maecenas,
973 1212 1222 1308 virgiliusque,

441 1329 598 1424 Valgius,
610 1343 643 1399 et
657 1327 775 1422 probet
788 1327 859 1397 baec
872 1326 1032 1397 Oeuvim
1044 1327 1208 1421 optimus,
1221 1344 1321 1424 atque

443 1446 584 1527 Fuscus,
596 1455 630 1509 et
644 1440 713 1509 haec
727 1440 855 1509 utinam
869 1440 1047 1510 Viscorum
1062 1438 1173 1517 laudet
1187 1443 1344 1537 uterque!

443 1555 632 1624 Ambitione
647 1552 809 1648 relegata,
821 1568 855 1622 te
869 1552 979 1623 dioere
991 1578 1145 1649 possum,

442 1666 567 1755 Pollio,
578 1682 629 1753 te,
640 1666 800 1753 Messala,
812 1682 872 1736 tuo
886 1691 963 1737 cum
978 1666 1098 1753 fratre3
1111 1667 1275 1762 simulque

443 1785 511 1850 Vos
523 1780 640 1851 Bibule
652 1794 684 1849 et
696 1780 808 1866 Servi;
821 1778 920 1852 simul
936 1780 988 1851 bis
1001 1795 1053 1865 te,
1065 1781 1205 1853 candide
1218 1786 1342 1867 Furni;

443 1893 639 1986 Complures
652 1891 752 1978 alios,
765 1892 881 1963 doctos
894 1918 957 1988 ego
970 1918 1057 1988 quos
1070 1909 1103 1964 et
1116 1895 1240 1965 amicos

442 2007 591 2076 Prudens
605 2020 780 2100 praeterec,
794 2007 916 2100 quibus
929 2007 1016 2095 hnc,
1030 2009 1096 2079 sint
1110 2007 1381 2103 qualiacumque,

443 2120 597 2189 Arridere
609 2118 730 2206 velim,
743 2118 927 2207 doliturus,
941 2122 970 2190 si
983 2120 1134 2215 placeant
1147 2147 1205 2215 spe

442 2233 595 2305 Deterius
609 2247 730 2303 nostra
746 2236 915 2321 Demetri,
928 2249 1044 2328 teque,
1057 2234 1197 2330 Tigelli,

442 2346 688 2440 Discipularum
703 2348 789 2417 inter
799 2348 901 2441 jubeo
915 2346 1047 2442 plorare
1060 2349 1242 2421 cathedras.

443 2463 476 2545 I,
488 2486 585 2554 puer,
597 2476 695 2554 atque
708 2486 782 2533 meo
802 2462 887 2532 citus
901 2462 971 2535 hacc
984 2463 1153 2533 subscribe
1168 2461 1290 2533 libello.
