3325 5342
259 705 335 753 v·8³
432 697 744 767 SATIRARUM
776 695 935 762 LIBER
966 696 1015 761 ll.
1047 720 1073 762 1.
1172 698 1242 766 223

642 848 870 894 nouimus.

523 941 622 1023 Esto,
636 938 663 1006 si
678 937 752 1031 quis
767 937 872 1025 mala;
885 938 942 1007 sed
955 938 1043 1006 bona
1058 940 1085 1007 si
1100 939 1174 1032 quis

202 1120 211 1143 ,
264 1057 379 1127 Judicc
391 1053 580 1125 condiderit
595 1050 748 1120 laudatus
761 1050 913 1131 Caesare?
925 1053 952 1120 si
966 1052 1041 1145 quis

265 1169 467 1265 Opprobriis
482 1166 620 1261 dignum
635 1163 821 1251 latraverit,
835 1165 962 1258 integer
976 1165 1066 1259 ipse?

633 1301 882 1347 rannerius.

268 1394 444 1465 Solventur
458 1395 526 1462 risu
540 1391 678 1477 tabulam
691 1405 728 1459 tu
742 1392 862 1460 missus
876 1392 990 1460 abibis.

269 1640 1250 1666 mmmmm

587 1834 830 1923 SATIRA
872 1834 935 1917 ΙΙ.

271 2081 358 2167 Qun
372 2076 478 2144 virtus
491 2089 524 2144 et
537 2087 679 2167 quanta,
692 2072 790 2157 boni,
804 2071 847 2139 sit
860 2071 970 2139 vivere
984 2071 1108 2164 parvo?

271 2194 341 2264 Nec
354 2214 448 2258 meus
461 2188 517 2257 hic
530 2211 638 2256 sermo
652 2200 720 2272 est,
733 2184 791 2254 sed
804 2209 877 2277 quae
890 2185 1046 2278 pracepit
1058 2183 1203 2267 Ofellus,

272 2304 445 2388 Rusticus,
456 2301 627 2373 abnormis
641 2300 789 2393 sapiens,
801 2322 975 2392 crassaque
987 2299 1156 2381 Minerva3

272 2418 417 2502 Discite,
431 2440 499 2483 non
514 2415 602 2483 inter
615 2412 725 2482 lances
739 2437 933 2506 mensasque
946 2413 1106 2498 nitentes,
1154 2430 1157 2437 “

273 2532 386 2619 Quum
401 2543 511 2622 stupet
524 2527 649 2596 insanis
662 2528 748 2595 acies
761 2524 966 2621 firlgorihns,
978 2541 1011 2595 et
1024 2551 1126 2620 quum

274 2642 418 2713 Acciinis
432 2642 522 2711 falsis
535 2641 666 2710 animus
680 2639 817 2710 meliora
832 2655 977 2727 recusat3

273 2760 398 2826 Verum
410 2757 465 2825 hic
476 2756 636 2849 impransi
645 2780 776 2824 mecum
786 2754 968 2848 disquirite.
979 2756 1107 2822 -Cur
1114 2752 1199 2822 hoc?
1208 2796 1254 2805 -

274 2872 392 2940 Dicam
408 2870 435 2939 si
450 2883 575 2964 potero.
591 2866 680 2938 Male
693 2893 809 2938 verum
823 2869 991 2937 examinat
1003 2868 1112 2936 omnis

275 2986 462 3077 Corruptus
471 2982 583 3075 judex.
598 2985 762 3076 Leporem
777 2995 936 3068 sectatus,
949 3005 1075 3075 equove

276 3100 397 3166 lassus
411 3096 452 3165 ab
468 3095 648 3181 indomito,
661 3095 731 3181 vei,
745 3096 772 3163 si
786 3098 938 3163 Romana
953 3095 1069 3189 fatigat

278 3208 399 3278 Militia
413 3223 577 3278 assuetum
592 3210 745 3303 grecam,
759 3233 816 3278 seu
831 3207 899 3303 pila
912 3206 1024 3292 velox,

278 3320 427 3391 Molliter
439 3336 605 3391 austerum
620 3322 731 3392 studio
745 3321 880 3391 fallente
894 3320 1058 3403 laborem,

278 3437 343 3503 Seu
358 3450 391 3504 te
404 3434 513 3503 discus
526 3436 613 3529 agit,
626 3450 701 3529 pete
715 3435 886 3505 cedentem
899 3459 974 3503 aera
988 3434 1088 3503 disco.

279 3550 393 3636 Quum
407 3547 503 3618 labor
514 3549 680 3619 extuderit
694 3550 843 3635 fastidia,
856 3550 979 3633 siccus,
993 3547 1100 3616 inanis

278 3665 403 3755 Sperne
417 3663 527 3731 eibum
541 3663 659 3750 vilem,
673 3664 737 3732 nisi
751 3664 917 3758 Hymettia
931 3661 1029 3730 mella
1042 3658 1181 3729 Falerno

279 3777 331 3845 Ne
343 3776 466 3846 hiberis
479 3776 594 3847 diluta.
610 3778 704 3847 Foris
717 3792 766 3847 est
780 3802 916 3871 promus
926 3829 936 3864 ,
947 3791 981 3844 et
993 3788 1102 3843 atrum

280 3889 469 3959 Defendens
483 3892 588 3984 pisces
602 3892 726 3960 hiemat
739 3915 848 3977 mare3
860 3916 936 3959 cum
951 3888 1018 3958 sale
1031 3887 1126 3980 panis

282 4005 474 4072 Latrantem
487 4005 694 4074 stomachum
709 4005 791 4072 bene
806 4003 914 4072 leniet
928 4001 1027 4071 Unde
1040 4013 1154 4094 putas,
1167 4011 1224 4066 aut

282 4117 349 4204 Qui
363 4132 495 4209 partum
505 4117 519 4185 Ρ
531 4121 609 4189 Non
624 4120 658 4186 in
672 4143 749 4187 caro
763 4117 880 4186 nidore
894 4115 1046 4207 voluptas
