3325 5342
447 614 517 688 236
673 613 716 700 Q.
747 608 970 681 HORATII
1002 608 1200 676 FLACCI
1334 627 1360 657 '-
1383 627 1433 674 ¹99

444 750 496 816 Tu
509 767 612 839 quum
627 766 689 835 pm
702 738 806 808 vitula
820 734 938 805 statuis
951 733 1083 804 dulcem
1100 735 1223 806 Aulide
1235 753 1349 809 natam

444 863 531 929 Ante
543 881 635 942 aras,
647 852 841 947 spargisque
854 848 944 917 mola
957 864 1076 942 caput,
1090 850 1259 944 improbe,
1272 851 1377 938 salsa,

445 976 584 1041 Rectum
591 968 693 1037 animi
701 962 1288 1051 servasi-Quorsumie-lnsanus
1294 966 1379 1059 quid
1386 968 1477 1035 enim
1485 968 1567 1059 Ajax

445 1084 553 1167 Fecit,
567 1105 670 1175 quum
684 1078 800 1147 stravit
814 1077 903 1146 ferro
918 1075 1039 1170 pecus?
1053 1076 1221 1145 Abstinuit
1234 1079 1302 1146 vim

446 1201 558 1267 Uxore
572 1207 605 1262 et
619 1206 738 1287 gnato,
751 1188 838 1259 mala
853 1188 958 1258 multa
972 1202 1125 1282 precatus
1139 1188 1273 1259 Atridis.

444 1312 521 1379 Non
536 1305 591 1376 ille
604 1320 662 1375 aut
675 1308 860 1387 Teucrum,
873 1316 932 1371 aut
945 1302 1053 1395 ipsum
1068 1301 1204 1371 violavit
1216 1302 1349 1372 Ulixen
1363 1346 1414 1358 -

444 1426 569 1493 Verum
583 1443 664 1514 ego,
676 1432 715 1487 nt
726 1418 887 1486 haerentes
900 1416 1038 1485 adverso
1052 1414 1150 1485 litore
1164 1440 1262 1485 naves

444 1537 634 1629 Eriperem,
647 1531 793 1627 prudens
807 1529 935 1624 placavi
950 1529 1111 1625 sauguine
1124 1530 1238 1599 Divos.
1254 1571 1301 1583 -

444 1651 571 1741 Nempe
584 1661 662 1732 tuo,
676 1644 808 1714 lirriose.
822 1645 872 1696 -’
885 1646 983 1728 Meo;
995 1643 1053 1712 sed
1067 1668 1135 1712 non
1151 1643 1303 1714 furiosus
1317 1686 1366 1698 -

443 1763 512 1851 Qui
526 1762 649 1855 species
661 1758 742 1828 alias
755 1758 843 1843 veri,
855 1756 1051 1852 sederimue
1064 1742 1210 1827 tumultu

445 1875 627 1945 Permixtas
640 1872 764 1966 capiet,
777 1886 965 1941 commotus
978 1871 1173 1958 habebitur3
1186 1886 1301 1966 atque,

371 2056 375 2066 ,
444 1987 634 2060 Stultitiane
647 2001 752 2072 erret,
765 1984 908 2054 nihilum
923 1986 1076 2074 distabit,
1089 2012 1132 2056 an
1147 1987 1205 2056 ira.

342 2094 348 2105 ’
444 2101 526 2193 Ajax
540 2124 644 2193 quum
659 2098 842 2167 immeritos
856 2098 996 2186 occidit,
1010 2098 1148 2194 desipit,
1161 2098 1286 2194 agnos?

445 2214 559 2301 Quum
574 2212 719 2306 prudeus
732 2210 838 2281 soelus
852 2212 895 2280 ob
910 2211 1024 2282 titulos
1037 2212 1185 2281 admittis
1199 2214 1329 2299 inanes,

444 2330 517 2396 Stas
526 2324 706 2395 animoisst
714 2349 836 2420 purum
846 2325 984 2394 estvitio
993 2325 1054 2394 tibi
1064 2349 1167 2420 quum
1177 2325 1341 2394 tumidum
1349 2340 1398 2394 cst
1407 2327 1486 2393 cor?

446 2441 481 2510 Si
496 2440 571 2534 quis
584 2438 699 2509 lectica
713 2439 853 2508 nitidam
869 2453 997 2533 gestare
1009 2454 1098 2509 amet
1110 2464 1249 2534 agnam,

444 2553 531 2621 Huic
544 2566 686 2640 vestem,
699 2567 737 2621 ut
751 2566 877 2646 gnata,
890 2567 984 2646 paret
997 2551 1151 2638 ancillas,
1164 2566 1259 2646 paret
1272 2576 1408 2636 aurum;

444 2666 565 2736 Rufam
578 2682 612 2736 et
625 2665 783 2737 Pusillam
798 2664 960 2760 appellet,
973 2666 1117 2760 fortique
1130 2666 1251 2734 marito

443 2780 596 2849 Destinet
609 2805 763 2850 uxorem:
778 2779 956 2849 interdicto
969 2780 1049 2849 huic
1061 2805 1160 2849 omne
1172 2779 1297 2849 adimat
1306 2779 1361 2871 jus

442 2894 583 2979 Praetor,
596 2907 630 2962 et
642 2892 684 2961 ad
698 2918 796 2962 sanos
809 2893 906 2961 abeat
920 2891 1023 2962 tutela
1037 2894 1253 2987 propinquos.

442 3003 557 3091 Quid?
570 3005 597 3073 si
612 3005 686 3098 quis
700 3019 835 3099 gnatam
850 3030 911 3098 pro
926 3019 1018 3074 muta
1032 3005 1170 3074 devovet
1182 3030 1287 3100 agna,

442 3120 575 3214 Integer
587 3132 637 3188 est
649 3117 775 3187 animi?
787 3120 840 3189 Ne
853 3117 984 3188 dixeris.
999 3121 1107 3212 Ergo,
1120 3118 1177 3186 ubi
1191 3140 1293 3210 prava

441 3230 605 3319 Stultitia,
617 3233 672 3303 hic
685 3248 734 3301 est
748 3257 877 3302 summa
892 3233 1038 3319 insania3
1052 3232 1110 3325 qui
1124 3230 1319 3315 sceleratus,

440 3348 482 3413 Et
496 3345 640 3416 furiosus
652 3348 733 3433 erit3
746 3370 845 3440 quem
860 3346 946 3440 oepit
960 3347 1064 3415 vitrea
1079 3345 1184 3430 fama,

440 3461 539 3527 Hunc
552 3459 789 3528 circumtonuit
803 3458 951 3554 gaudens
965 3457 1102 3528 Bellona
1115 3457 1269 3527 cruentis.

488 3573 587 3640 Nunc
595 3596 671 3666 age,
680 3569 845 3642 luxuriam
854 3585 888 3640 et
896 3573 1144 3642 Nomentanum
1153 3569 1264 3662 arripe
1272 3592 1413 3638 mecum.

440 3681 559 3752 Vincet
572 3683 661 3752 enim
677 3684 794 3755 stultos
809 3684 894 3753 ratio
908 3683 1054 3752 insanire
1066 3698 1210 3775 nepotes.

440 3795 613 3907 Hicaesimul
628 3799 754 3892 accepit
763 3797 947 3892 ‘patrimoni
963 3794 1054 3865 mille
1065 3795 1206 3882 talenta,

439 3907 565 3996 Edicit,
576 3911 722 4003 piscator
736 3913 802 3998 uti,
814 3911 1003 4007 pomarius,
1016 3935 1155 4003 auceps,

439 4025 705 4115 Unguentarius,
718 4052 757 4095 ao
769 4027 868 4098 Tusci
881 4025 979 4097 turba
993 4026 1095 4120 impia
1109 4025 1190 4105 vici,
