3325 5342
443 628 740 699 CARMINUM
771 630 927 697 LIBER
961 633 1009 698 ΙΙ.
1174 631 1216 701 55

381 759 443 830 Ille
456 775 490 829 te
503 780 634 828 meeum
648 756 739 828 locus
752 773 783 828 et
798 759 899 828 mato

382 872 555 945 Postulant
569 897 678 960 aroes3
692 872 737 941 ibi
752 887 788 941 tu
802 873 959 942 colentem

383 990 505 1057 Debita
520 1010 653 1082 sparges
667 986 800 1055 lacrima
815 964 958 1056 frivillam

552 1101 646 1169 Vatis
658 1101 766 1169 amici.

233 1340 1031 1368 mmmmmmmmwwwmnmmu
1036 1344 1215 1368 §mmmmm

571 1536 717 1623 ODE
759 1536 892 1620 VII..

471 1795 528 1850 AD
553 1794 790 1851 POMPEIUM
815 1795 979 1849 VARUM.

381 2005 412 2068 Ο
426 2023 516 2069 smne
530 2022 659 2066 mecum
674 2012 805 2090 tempus
819 1998 853 2065 in
869 1997 1022 2067 ultimum

382 2112 547 2197 Deducte,
560 2116 665 2180 Bruto
680 2110 806 2181 militie
819 2111 920 2197 duee,

430 2227 514 2315 Quis
526 2241 558 2294 te
573 2225 745 2294 redonavit
757 2225 924 2313 Quiritem

477 2340 538 2408 Dis
552 2340 685 2432 patriis,
698 2338 849 2433 Italoque
864 2339 964 2423 coelo,

382 2567 536 2659 Pompei,
549 2590 698 2634 meorum
713 2567 818 2658 prime
832 2565 1012 2651 sodalium,

383 2684 469 2749 Cum
484 2704 550 2772 quo
563 2693 746 2747 morantem
760 2702 845 2773 saepe
858 2679 946 2748 diem
960 2704 1051 2748 mero

429 2797 456 2861 F
458 2794 544 2887 regi,
558 2808 734 2861 coronatus
748 2794 890 2861 nitentes

476 2905 689 2975 Melobathro
702 2906 797 2999 Syrio
811 2904 970 2999 mpillos?

381 3139 503 3204 Tecum
517 3134 688 3228 Philippos
702 3149 735 3203 et
749 3133 888 3203 oelerem
902 3133 1014 3229 fugam

383 3249 488 3331 Sensi,
501 3245 616 3317 relicto
627 3270 693 3316 non
709 3248 793 3317 bene
808 3244 976 3340 parmula,

431 3363 544 3449 Quum
558 3361 660 3429 fracta
672 3362 797 3448 virtus,
810 3376 844 3431 et
857 3362 1000 3430 minaces

480 3477 590 3567 Turpe
604 3473 712 3543 solum
727 3475 864 3568 tetigere
877 3489 999 3543 mento.

384 3700 447 3768 Sed
462 3724 515 3768 me
528 3724 587 3794 per
600 3702 710 3769 hostes
724 3702 911 3770 Mercurius
925 3700 1011 3769 celer

384 3817 499 3882 Denso
511 3828 683 3907 paventem
698 3813 831 3883 sustulit
844 3839 937 3897 aere,

432 3928 479 3994 Te
494 3946 606 3999 rursus
620 3929 655 3995 in
670 3926 793 3997 bellum
809 3928 981 3997 resorbens

482 4040 581 4108 Unda
598 4040 690 4109 fretis
704 4040 782 4109 tulit
795 4040 950 4108 aestuosis.
