3325 5342
468 635 537 706 238
693 634 735 721 Q.
766 633 991 700 uualru
1023 633 1235 725 enices
1354 659 1378 689 v.
1401 646 1457 707 2⁵,

467 770 609 852 «Sume,
622 761 765 849 Catelle3
775 791 792 826 s
806 775 913 854 negat
927 761 962 831 Si
977 785 1046 829 non
1060 761 1135 848 des,
1149 779 1250 858 optet
1266 772 1411 839 Amator

465 879 625 950 Exclusus
638 877 695 971 qui
710 875 827 961 distat,
840 875 911 969 agit
924 873 981 943 ubi
996 898 1126 962 secum,
1140 892 1211 963 eat,
1223 902 1267 947 an
1282 906 1370 969 non,

464 996 542 1084 Quo
556 992 722 1062 rediturus
735 1003 807 1058 erat
821 1012 889 1057 non
903 986 1095 1076 arcessitus,
1108 1004 1141 1057 et
1154 990 1255 1060 lueret

465 1107 583 1176 luvisis
598 1101 747 1173 loribus?
759 1104 857 1172 «Nec
870 1126 978 1189 nunc,
990 1127 1094 1196 quum
1109 1127 1162 1172 me
1177 1121 1270 1173 vocet
1284 1107 1392 1194 ultro,

465 1217 678 1290 «Accedami
692 1241 735 1286 an
749 1216 861 1311 potius
874 1214 1015 1285 mediter
1028 1215 1124 1285 finire
1138 1216 1291 1288 dolores?

465 1362 482 1397 a
491 1331 820 1418 Exclusit,revoeat‚
834 1327 989 1398 redeam?
1002 1331 1096 1415 Non,
1110 1329 1137 1398 si
1152 1330 1308 1401 obsecret
1318 1363 1335 1398 a
1350 1338 1435 1404 Ecce

464 1448 603 1532 Servus,
616 1469 685 1513 non
699 1441 800 1537 paulo
813 1441 1012 1536 sapientior:
1026 1469 1044 1505 a
1058 1444 1090 1511 Ο
1104 1440 1199 1529 here,
1213 1468 1285 1536 quae
1300 1470 1351 1514 res

464 1589 482 1626 α
495 1564 566 1633 Nec
572 1559 709 1629 modum
716 1556 830 1643 habet,
838 1580 945 1650 neque
951 1555 1141 1642 consilium,
1149 1557 1275 1626 ratione
1281 1560 1447 1655 modoque

465 1703 482 1737 a
495 1672 645 1744 Tractari
661 1695 728 1739 non
740 1669 820 1740 vult
833 1672 874 1738 In
889 1694 1002 1738 amore
1015 1670 1086 1739 haec
1099 1685 1177 1739 sunt
1190 1670 1292 1757 mala;
1305 1674 1447 1761 bellum,

465 1815 482 1850 a
496 1790 564 1856 Pax
579 1808 720 1854 rursum.
736 1786 814 1851 Hrec
827 1783 855 1852 si
870 1783 963 1876 quis,
976 1784 1178 1877 tempestatis
1191 1808 1293 1879 prope
1307 1789 1373 1856 ritu

466 1928 483 1964 r
498 1898 655 1985 Mobilia,
668 1913 701 1967 et
715 1922 800 1967 caeca
813 1897 979 1967 fluitantia
992 1913 1097 1985 sorte,
1110 1898 1237 1969 laboret

465 2044 483 2079 n
497 2013 648 2082 Reddere
662 2026 751 2082 certa
765 2011 847 2097 sibi,
862 2011 968 2081 nihilo
981 2011 1055 2106 plus
1069 2011 1226 2107 explicet,
1239 2039 1277 2083 ac
1291 2018 1315 2082 si

465 2157 482 2193 ι(
497 2127 646 2197 insanire
659 2140 753 2220 paret
765 2140 857 2195 certa
871 2127 999 2196 ratione
1012 2126 1186 2221 modoque.
1202 2158 1219 2191 s

465 2239 580 2331 Quid?
594 2262 697 2333 quum
710 2236 840 2308 Picenis
853 2264 1031 2333 excerpens
1044 2241 1169 2309 semina
1183 2242 1290 2335 pomis

465 2353 617 2439 Gaudes,
630 2353 658 2420 si
672 2375 836 2422 cameram
852 2354 995 2445 percusti
1009 2353 1113 2439 forte,
1127 2378 1226 2446 penes
1241 2368 1273 2421 te
1286 2354 1343 2421 es?

465 2465 581 2558 Quid?
593 2490 697 2560 quum
710 2464 809 2535 balba
824 2465 902 2535 ieris
915 2492 1043 2536 annoso
1057 2467 1157 2536 verba
1170 2466 1299 2561 palato,

465 2579 660 2652 AEdificante
673 2604 764 2649 casas
778 2583 836 2674 qui
850 2580 984 2667 sanior?
998 2581 1094 2650 Adde
1107 2604 1258 2650 cruorem

465 2692 857 2787 Stultitiae,atqueignem
866 2692 977 2788 gladio
985 2708 1140 2762 scrutare.
1151 2693 1427 2787 Mod0,inquam,

464 2806 602 2877 Hellade
616 2831 787 2901 percussa,
799 2809 927 2878 Marius
942 2833 1046 2902 quum
1061 2808 1245 2902 praecipitat
1258 2834 1307 2893 se,

465 2921 614 2991 Cerritus
627 2918 713 2990 fuit?
726 2922 778 2989 An
793 2935 967 2990 commatre
981 2921 1120 2990 crimine
1132 2923 1252 2990 mentis

464 3032 620 3104 Absolves
634 3033 823 3120 homiuem,
836 3048 869 3103 et
883 3033 1013 3104 sceleris
1028 3033 1201 3103 damnabis
1215 3034 1383 3118 eumdem,

464 3156 513 3222 Ex
526 3177 619 3221 more
631 3153 805 3246 imponens
819 3169 961 3247 cognata
974 3152 1134 3222 vocabula
1149 3152 1270 3221 rebus?

511 3267 702 3338 Libertinus
716 3281 804 3353 erat,
817 3267 875 3361 qui
889 3269 1014 3336 circum
1029 3268 1173 3360 compita
1188 3269 1293 3336 siccus

464 3381 579 3450 Lautis
593 3406 689 3451 mane
703 3406 801 3451 senex
816 3383 969 3450 manibus
983 3381 1154 3467 currebat,
1167 3396 1217 3450 et:
1232 3410 1249 3445 r
1258 3385 1371 3451 Unum
1380 3411 1415 3466 ,»

462 3495 554 3583 Quid
568 3510 636 3565 tam
651 3495 830 3590 maguum?
839 3490 980 3583 addens,
989 3524 1006 3560 a
1015 3520 1120 3564 unum
1130 3520 1183 3564 me
1192 3498 1318 3588 surpite
1325 3494 1444 3575 morti,

463 3609 549 3678 «Dis
562 3610 682 3679 etenim
702 3608 798 3679 facile
811 3625 903 3697 est,»
917 3610 1050 3694 orabat,
1063 3634 1163 3679 sanus
1175 3611 1323 3702 utrisque

462 3720 609 3790 Auribus
623 3737 722 3815 atque
735 3723 860 3809 oculis;
873 3737 1035 3807 mentem,
1050 3722 1113 3790 nisi
1130 3721 1310 3815 litigiosus,

462 3834 633 3926 Exciperet
640 3835 811 3923 dominus,
821 3861 924 3931 quum
933 3837 1096 3907 venderet.
1106 3837 1179 3903 Huc
1186 3831 1445 3928 quoquevulgus

462 3945 667 4041 Chrysippus
681 3951 776 4043 pouit
790 3950 930 4031 fecunda
946 3952 980 4019 iu
994 3964 1093 4045 gente
1106 3949 1249 4017 Meneni.

461 4060 630 4150 «Jupiter,
642 4061 794 4152 ingentes
807 4065 864 4154 qui
881 4063 938 4143 das
952 4060 1299 4153 adimisquedolores,
1309 4088 1326 4122 »
