3325 5342
475 715 544 811 276
701 717 743 800 Q.
774 715 996 781 HORATII
1029 714 1222 780 FLACCI

473 956 1458 980 wummmwsmmmmmmmmwmm

726 1150 1048 1238 EPISTOLA
1090 1152 1201 1239 VII.

762 1405 824 1461 AD
852 1404 1154 1460 MAECENATEM.

475 1638 641 1724 Qquua
655 1632 725 1699 dies
740 1631 801 1698 tibi
816 1627 984 1723 pollicitus
997 1652 1050 1695 me
1064 1629 1140 1696 rure
1155 1628 1321 1714 futurum,

474 1745 629 1824 Sextilem
643 1758 749 1811 totum
764 1741 905 1809 mendax
920 1739 1096 1808 desideror.
1112 1741 1212 1833 Atqui

475 1859 509 1929 Si
523 1883 577 1926 me
589 1858 699 1924 vivere
713 1856 779 1938 vis,
793 1868 945 1946 recteque
959 1853 1069 1920 videre
1083 1851 1261 1938 valentem,

475 1974 587 2060 Quam
602 1967 685 2036 mihi
700 1966 758 2035 das
771 1991 878 2059 aegro,
893 1965 986 2034 dabis
1000 1980 1158 2059 egrotare
1171 1968 1317 2053 timenti,

474 2086 654 2164 Maecenas,
666 2079 813 2164 veniam,
827 2078 907 2146 dum
922 2076 1004 2146 ficus
1018 2078 1124 2170 prima
1137 2076 1291 2171 calorque

474 2194 737 2287 Dissignatorem
752 2190 885 2259 decorat
899 2188 1072 2258 lictoribus
1084 2189 1181 2274 atris;

474 2307 564 2374 Dum
579 2304 690 2397 pueris
703 2303 811 2370 omnis
825 2315 966 2395 pateret
979 2298 1159 2371 matercula
1173 2302 1290 2394 pallet3

475 2415 698 2508 Officiosaque
713 2412 888 2498 sedulitas,
901 2427 934 2481 et
947 2411 1055 2507 opella
1069 2412 1207 2482 forensis

388 2597 396 2610 ,
475 2527 618 2598 Adducit
631 2527 755 2613 febres,
768 2542 802 2596 et
814 2541 1010 2595 testamenta
1024 2527 1175 2621 resignat.

475 2640 576 2729 Quod
590 2642 617 2710 si
631 2641 750 2709 bruma
765 2642 857 2709 nives
869 2639 1007 2709 Albanis
1022 2639 1128 2709 illinet
1141 2641 1247 2735 agris,

475 2753 526 2823 Ad
538 2779 629 2822 mare
642 2753 818 2823 descendet
830 2767 921 2821 vates
935 2768 1030 2839 tuus,
1043 2767 1077 2821 et
1089 2753 1151 2821 sibi
1166 2767 1295 2846 parcet,

475 2868 738 2958 Contractusque
752 2864 856 2959 leget;
869 2878 919 2948 te,
933 2862 1039 2933 dulcis
1051 2865 1173 2950 amice,
1187 2865 1304 2932 reviset

475 2980 561 3045 Cum
575 2977 751 3071 Zephyris,
764 2975 792 3045 si
806 2975 984 3058 concedes,
996 2991 1029 3044 et
1043 2975 1222 3044 hirundine
1234 2976 1350 3069 prima

474 3091 550 3158 Non
564 3114 631 3181 quo
644 3113 737 3157 more
750 3089 841 3182 pyris
854 3089 941 3158 vesci
956 3088 1099 3158 Calaber
1108 3089 1205 3182 jubet
1217 3089 1355 3182 hospes,

474 3204 525 3269 Tu
539 3225 592 3270 me
606 3202 711 3270 fecisti
726 3198 933 3294 locupletem.
950 3241 997 3252 —
1010 3204 1149 3270 Vescere
1163 3201 1265 3271 sodes.
1281 3240 1328 3256 -

474 3316 546 3381 Jam
556 3314 634 3382 satis
644 3315 808 3382 est-At
819 3325 856 3380 tu
868 3314 1079 3406 quantumvis
1091 3314 1385 3408 tolle—benigne.
1394 3356 1442 3366 —

474 3428 550 3497 Nou
564 3427 668 3495 invisa
683 3427 766 3496 feres
779 3427 892 3520 pueris
906 3427 1101 3496 munuscula
1115 3430 1234 3522 parvis.
1248 3469 1296 3479 -

473 3542 555 3607 Tam
569 3554 682 3608 teneor
696 3541 802 3626 dono,
815 3564 915 3633 quam
930 3542 957 3608 si
974 3540 1122 3609 dimittar
1136 3549 1284 3608 onustus.
1294 3580 1341 3590 —

474 3655 522 3721 Ut
535 3651 633 3737 libet3
645 3652 714 3723 baec
727 3654 837 3747 porcis
850 3654 950 3723 hodie
963 3653 1165 3723 comedenda
1181 3653 1346 3746 relinquis.
1356 3694 1407 3703 --

475 3764 655 3857 Prodigus,
669 3779 702 3833 et
716 3765 836 3834 stultus
851 3767 953 3835 donat
966 3792 1039 3860 quae
1053 3767 1178 3859 spernit
1191 3781 1225 3834 et
1237 3764 1317 3833 odic

475 3876 552 3943 Haec
565 3899 656 3968 seges
670 3877 815 3971 ingratos
830 3878 925 3964 tulit,
938 3893 970 3947 et
984 3877 1067 3947 feret
1080 3879 1235 3947 omuibus
1248 3878 1354 3945 annis.

474 3986 536 4052 Vir
549 3987 656 4056 bonus
669 4004 702 4057 et
714 3993 844 4084 sapiens
859 3991 968 4086 dignis
981 3992 1029 4059 ait
1041 4017 1111 4060 esse
1124 4005 1276 4085 paratus,

474 4096 544 4164 Nec
557 4108 667 4165 tamen
682 4098 830 4190 ignorat,
843 4102 925 4195 quid
939 4103 1063 4171 distent
1076 4127 1141 4173 aera
1155 4101 1285 4195 lupinis.
