3325 5342
445 677 514 773 298
671 676 713 763 Q.
745 674 970 743 HORATII
1002 675 1199 745 FLACCI
1355 699 1381 729 v·
1404 685 1438 743 7⁵

444 811 585 876 Munere
597 821 629 874 te
642 829 745 899 parvo
758 804 850 889 beet,
863 817 920 871 aut
935 803 1169 874 incommodus
1182 821 1294 901 angat

444 918 587 1008 Qualem
594 916 1434 1014 commendes,etianratqueetiamadspice3nemox

445 1032 614 1100 incutiant
626 1028 735 1098 aliena
747 1029 808 1097 tibi
822 1042 955 1123 peccata
969 1027 1142 1122 pudorem.

446 1141 622 1228 Fallimur,
634 1157 668 1210 et
680 1141 849 1234 quondam
864 1166 932 1209 non
948 1140 1087 1235 dignum
1101 1141 1272 1213 tradimus.
1287 1148 1381 1240 Ergo

446 1259 555 1346 Quem
569 1282 628 1325 sua
641 1254 739 1349 culpa
752 1269 896 1349 premet,
909 1254 1065 1348 deceptus
1078 1255 1194 1323 omitte
1206 1258 1312 1345 tueri,

446 1372 494 1438 Ut
505 1370 638 1463 penitus
652 1383 787 1454 notum,
800 1370 826 1437 si
840 1383 968 1438 tentent
981 1368 1139 1454 crimina,
1153 1394 1277 1458 serves,

446 1485 642 1577 Tuterisque
656 1499 714 1552 tuo
727 1483 884 1552 fidentem
898 1482 1070 1576 praesidio,
1082 1483 1140 1575 qui

447 1601 559 1698 Dente
567 1597 741 1667 Theonino
755 1621 859 1690 quum
874 1595 1147 1681 circumditur,
1159 1595 1278 1690 ecquid

447 1709 500 1779 xd
515 1724 547 1778 te
560 1726 633 1804 post
647 1710 747 1805 paulo
761 1725 900 1779 ventura
914 1709 1063 1804 pericula
1075 1709 1199 1779 sentis?

446 1825 532 1893 Nam
547 1838 603 1891 tua
618 1849 669 1892 res
683 1826 812 1917 agitur,
825 1825 935 1918 paries
948 1848 1052 1917 quum
1065 1824 1236 1917 proximus
1248 1823 1361 1908 ardet3

355 1967 370 1996 a
447 1941 490 2006 Et
503 1935 652 2031 neglecta
667 1936 774 2007 solent
787 1938 942 2007 incendia
954 1963 1084 2007 sumere
1097 1938 1192 2007 vires.

446 2049 563 2119 Dulcis
577 2050 756 2144 inexpertis
769 2051 899 2119 cultura
913 2051 1058 2145 potentis
1071 2051 1188 2135 amici,

393 2235 395 2240 s
446 2166 610 2256 Expertus
624 2165 750 2233 metuit
765 2166 837 2249 Tu,
851 2164 931 2233 dum
945 2179 1002 2233 tua
1016 2165 1109 2232 navis
1122 2165 1156 2232 in
1171 2162 1240 2232 alto
1253 2176 1321 2248 est,

447 2279 519 2344 Hoc
532 2301 612 2370 age,
626 2303 668 2346 ne
682 2292 808 2347 mutata
822 2292 1003 2346 retrorsum
1018 2292 1050 2346 te
1063 2276 1147 2345 ferat
1160 2300 1250 2345 aura.

448 2392 602 2461 Oderunt
614 2390 754 2462 hilarem
766 2393 895 2479 tristes,
908 2393 1102 2485 tristemque
1112 2391 1237 2485 jocosi,

447 2503 604 2573 sedatum
619 2504 759 2592 celeres,
772 2505 893 2600 agilem
908 2529 1118 2600 gnavumque
1133 2505 1279 2588 remissi,

447 2620 586 2687 Potores
599 2633 752 2712 porrecta
765 2636 943 2713 negantem
958 2618 1096 2713 pocula,
1110 2619 1261 2712 quamvis

448 2732 638 2800 Nocturnos
648 2733 739 2825 jures
752 2747 785 2801 te
800 2732 979 2801 formidare
993 2746 1132 2825 tepores.

448 2846 554 2912 Deme
567 2844 744 2938 supercilio
757 2846 899 2931 nubem;
912 2844 1109 2939 plerumque
1122 2841 1291 2911 modestus

448 2960 599 3050 Occupat
612 2958 744 3027 obscuri
758 2959 918 3052 speciem,
931 2958 1117 3033 taciturnus
1131 2956 1251 3025 acerbi.

448 3071 539 3137 Inter
552 3086 671 3140 cuncta
684 3068 772 3165 leges
784 3087 818 3140 et
830 3071 1090 3165 percunctabere
1105 3070 1238 3153 doctos,

449 3182 525 3270 Qua
539 3184 667 3253 ratione
681 3210 782 3278 queas
795 3186 970 3254 traducere
984 3183 1102 3253 leniter
1114 3206 1239 3269 aevum3

448 3298 538 3366 Num
553 3312 584 3366 te
598 3324 728 3393 semper
739 3300 836 3393 inops
849 3301 953 3394 agitet
965 3313 1125 3392 vexetque
1138 3295 1279 3391 cupido,

448 3412 538 3480 Num
552 3437 671 3506 pavor,
685 3428 718 3482 et
732 3439 845 3483 rerum
859 3414 1072 3482 mediocriter
1085 3412 1219 3481 utilium
1233 3408 1330 3503 spes?

448 3525 614 3594 Virtutem
630 3528 783 3597 doctrina
796 3544 909 3623 paret,
921 3543 1084 3597 naturane
1098 3525 1222 3595 donet?

449 3639 540 3726 Quid
555 3641 684 3710 minuat
697 3667 811 3730 curas,
824 3642 906 3736 quid
920 3657 952 3710 te
966 3642 1027 3709 tibi
1040 3641 1158 3710 reddat
1171 3634 1340 3708 amicum?

448 3752 541 3839 Quid
554 3778 636 3846 pure
650 3754 861 3849 tranquillet,
874 3757 999 3841 honos,
1013 3781 1055 3824 an
1071 3755 1167 3823 dulce
1180 3750 1357 3833 lucellum,

447 3868 498 3933 An
512 3885 673 3937 secretum
687 3872 765 3957 iter,
778 3886 812 3940 et
824 3870 970 3941 fallentis
984 3871 1100 3940 semita
1112 3868 1212 3938 vitae?

448 3977 505 4044 Me
518 3981 646 4069 quoties
660 3981 767 4050 reficit
780 3981 910 4078 gelidus
923 3984 1082 4077 Digentia
1096 3982 1204 4065 rivus,

448 4090 557 4176 Quem
571 4093 728 4161 Mandela
739 4094 842 4180 bibit,
856 4121 996 4189 rugosus
1010 4096 1134 4189 frigore
1146 4117 1266 4186 pagus,
