3325 5342
381 605 741 675 EPISTOLARUM
764 606 913 673 LIBER
936 606 983 673 ll.
1015 630 1041 673 1.
1133 608 1202 680 303

219 843 1205 868 ΜΜΜΜΜΜΜΜΜΜΜΜΜΜΜΜΜ

377 1043 1053 1168 EPISTULARUM

338 1341 586 1443 LIBER
630 1338 1088 1449 SECUNDUS.

569 1610 855 1640 -4—

505 1820 837 1909 EPISTOLA
879 1823 913 1907 l.

531 2074 590 2129 AD
615 2075 889 2132 AUGUSTUM.

222 2274 331 2404 Qun
340 2331 369 2378 u
383 2322 432 2377 tot
446 2310 607 2377 sustineas
620 2323 654 2377 et
668 2322 759 2376 tanto
774 2309 907 2402 negotia
921 2307 1028 2396 solus,
1041 2355 1045 2366 »

220 2427 285 2493 Res
298 2421 397 2491 Italus
411 2424 513 2492 armis
526 2423 661 2509 tuteris,
674 2423 823 2492 moribus
836 2448 950 2510 ornes,

219 2536 364 2632 Legibus
377 2536 548 2623 emendes3
563 2537 596 2604 in
612 2534 745 2630 publica
759 2536 935 2605 commoda
948 2560 1098 2630 peccem,

219 2650 254 2718 Si
269 2649 370 2743 longo
384 2673 535 2717 sermone
548 2672 660 2716 morer
673 2662 729 2717 tua
743 2663 911 2741 tempora,
923 2651 1043 2719 Cesar.

267 2760 447 2846 Romulus,
460 2775 493 2830 et
506 2761 608 2831 Liber
621 2776 730 2855 pater,
743 2776 865 2830 etcum
880 2764 1017 2832 Castore
1031 2760 1166 2846 Pollux,

219 2879 298 2945 Post
311 2876 457 2969 ingentia
471 2876 557 2945 facta
570 2879 719 2946 Deorum
735 2876 769 2943 in
785 2873 909 2969 templa
924 2875 1062 2967 recepti,

218 2993 310 3058 Dum
324 3003 427 3058 terras
441 2990 681 3082 hominumque
695 2988 809 3060 colunt
825 3014 947 3084 genus,
959 3013 1074 3082 aspera
1088 2986 1175 3057 bella

220 3105 455 3195 Componune,
467 3126 565 3197 agros
578 3103 766 3197 assignant,
779 3103 903 3196 oppida
917 3102 1082 3187 condunt,

219 3213 393 3283 Ploravere
407 3215 476 3284 suis
489 3239 556 3282 nou
570 3213 772 3308 respondere
785 3214 933 3283 favorem

217 3330 392 3420 Speratum
406 3328 542 3397 meritis.
557 3328 675 3398 Dirum
690 3328 747 3422 qui
761 3328 914 3398 contudit
927 3326 1085 3421 hydram,

217 3439 371 3534 Notaque
385 3440 475 3511 fatali
490 3456 643 3538 portenta
657 3440 770 3512 labore
784 3442 933 3536 subegit,

218 3556 392 3648 Comperit
404 3556 563 3626 invidiam
578 3581 734 3652 supremo
747 3556 814 3627 fine
829 3555 968 3625 domari.

217 3668 295 3738 Urit
308 3669 397 3737 enim
411 3668 541 3765 fulgore
555 3695 634 3758 suo,
646 3674 705 3765 qui
719 3685 904 3766 praegravat
917 3683 1004 3738 artes

218 3782 308 3851 Infra
322 3809 356 3853 se
370 3786 513 3877 positum
526 3787 707 3856 exstinctus
721 3786 890 3856 amabitur
903 3783 1000 3853 idern.

216 3897 371 3965 Praesenti
386 3898 448 3966 tibi
461 3913 611 3969 maturos
625 3899 788 3994 largimur
801 3899 963 3983 honores,

215 4007 442 4114 iurandasque
455 4024 551 4082 tuum
565 4038 625 4107 per
638 4038 760 4082 nomen
775 4013 930 4106 ponimus
943 4033 1034 4093 aras,
