3325 5342
473 652 537 723 116
693 655 735 743 Q.
768 654 991 721 HORATII
1023 654 1216 722 FLACCI
1362 675 1367 684 ·

609 786 724 875 Nuper
743 783 776 849 in
792 783 895 876 pratis
909 780 1055 852 studiosa
1068 779 1206 868 florum,
1218 799 1251 852 et

609 896 738 965 Debitae
751 896 915 989 Nymphis
928 894 1038 989 opifex
1051 921 1198 981 nomeu,

610 1007 906 1095 Noctesublustri,
920 1007 1002 1078 nihil
1017 1025 1105 1078 astru
1119 1024 1236 1102 praeter

753 1123 848 1192 Vidit
860 1138 893 1192 et
907 1124 1031 1210 undas3

610 1378 694 1463 Quae
707 1375 805 1444 simul
819 1389 952 1444 centum
967 1374 1076 1466 tetigit
1089 1388 1257 1466 potentem

609 1488 752 1581 Oppidis
765 1490 904 1556 Creten:
919 1514 936 1550 e
951 1489 1063 1569 Pater,
1076 1511 1097 1553 ο
1112 1484 1263 1554 relietum

609 1629 626 1662 α
641 1599 731 1669 Filiae
743 1623 882 1683 nomen,
895 1600 1082 1692 pietasque,
1094 1598 1197 1683 dixit,

751 1739 768 1772 t(
783 1710 881 1779 Victa
894 1706 1023 1779 furore!

608 1983 625 2018 a
639 1953 758 2024 Unde?
769 1957 847 2044 Quo
861 1954 960 2023 veni?
972 1957 1071 2024 Ievis
1085 1980 1151 2024 una
1166 1981 1256 2028 mors
1269 1973 1318 2027 est

608 2098 625 2132 e
640 2070 818 2163 virginum
832 2068 946 2162 eulpae.
961 2068 1156 2163 Vigilansne
1169 2070 1265 2162 ploro

610 2183 751 2274 «Turpe
764 2179 1000 2250 commissum?
1012 2205 1055 2248 an
1069 2182 1159 2251 vitiis
1173 2175 1351 2252 carentem*

753 2320 770 2354 α
785 2291 889 2361 Ludit
902 2292 1012 2386 imago

611 2574 627 2607 α
642 2547 755 2630 Vana,
768 2569 842 2637 quae
855 2557 952 2637 portu
965 2544 1095 2637 fugiens
1108 2544 1235 2613 eburna

612 2684 628 2719 n
643 2656 815 2724 Somnium
829 2654 945 2724 ducit?
958 2654 1117 2725 meliusne
1131 2655 1251 2725 fluctus

612 2796 629 2832 α
643 2773 697 2839 lre
710 2793 770 2863 per
782 2768 900 2864 longos
914 2769 995 2855 fuit,
1008 2794 1051 2840 an
1066 2785 1211 2840 recentes

754 2910 771 2946 α
786 2885 931 2976 Carpere
944 2881 1064 2951 flores?

613 3156 630 3190 e
643 3128 678 3196 Si
693 3127 768 3220 quis
782 3124 938 3194 infamem
954 3125 1036 3193 mihi
1051 3151 1141 3194 nune
1150 3128 1325 3219 juvencum

614 3271 631 3304 α
645 3240 755 3311 Dedet
769 3237 876 3309 irater!
893 3240 1036 3310 lacerare
1051 3239 1138 3309 ferro
1151 3256 1184 3309 et

614 3393 631 3428 α
645 3368 811 3459 Frangere
824 3365 933 3433 enitar
945 3363 1046 3432 modo
1061 3362 1202 3432 multum
1209 3363 1314 3431 amati

757 3507 774 3541 α
788 3481 925 3549 Cornua
939 3478 1089 3547 monstri.

616 3749 633 3784 ι(
648 3718 826 3813 Impudens
841 3717 923 3811 liqui
938 3718 1063 3811 patrios
1076 3711 1227 3787 Penates!

617 3861 634 3896 α
648 3833 827 3927 Impudens
840 3836 967 3902 Orcum
982 3828 1109 3900 moror!
1125 3833 1317 3904 oueorum

617 3970 635 4006 α
648 3945 683 4013 Si
697 3945 771 4037 quis
786 3944 855 4012 haec
868 3943 980 4030 audis,
994 3945 1121 4013 utinum
1136 3944 1222 4014 inter
1233 3964 1338 4009 errem

760 4085 778 4121 e
792 4056 892 4129 Nuda
904 4054 1030 4127 leones!
