3325 5342
256 652 279 684 v.
304 636 334 682 1⁵
415 632 773 701 umsromaun
799 633 950 701 maun
975 636 1000 700 1.
1032 637 1082 718 14.
1169 638 1235 730 287

256 766 356 835 Nunc
368 759 486 829 urbem
499 774 533 828 et
547 759 644 829 ludos
657 775 690 828 et
703 760 821 831 balnea
833 760 962 831 villicus
975 778 1078 856 optas.

257 880 313 946 Me
326 889 478 945 constare
492 873 574 941 mihi
590 873 652 942 scis
663 925 672 958 ,
684 887 716 942 et
731 873 897 942 discedere
910 876 1055 960 tristem,

258 988 546 1078 Quandocumque
559 985 696 1053 trahunt
710 986 815 1053 invisa
828 990 962 1079 negotia
975 992 1125 1057 Romam.

259 1103 335 1171 Non
351 1098 468 1167 eadem
481 1098 660 1182 miramur3
672 1121 713 1164 eo
726 1096 931 1168 disconvenit
944 1101 1030 1168 inter

259 1216 381 1305 Meque
394 1225 428 1279 et
440 1224 481 1279 te.
496 1212 602 1294 Nam,
615 1232 688 1301 quae
701 1206 828 1277 deserta
841 1225 873 1278 et
886 1211 1053 1305 inhospita
1066 1228 1178 1308 tesqua

260 1325 393 1412 Credis,
406 1347 536 1392 amoena
549 1336 662 1408 vocat,
676 1346 805 1390 mecum
819 1325 877 1416 qui
891 1328 1008 1411 sentit,
1021 1342 1054 1395 et
1066 1328 1155 1414 odit,

260 1441 344 1528 Qua
357 1452 394 1506 tu
407 1437 547 1531 pulchra
560 1450 667 1529 putas.
683 1436 805 1504 Fornix
819 1436 882 1504 tibi
895 1452 928 1505 et
940 1454 1039 1507 uncta
1052 1444 1174 1535 popina

260 1552 432 1620 incutiunt
445 1549 538 1618 urbis
551 1548 770 1634 desiderium,
783 1548 897 1634 video,
909 1564 942 1618 et
955 1552 1045 1644 quod

260 1662 411 1758 Angulus
426 1664 486 1732 iste
499 1662 582 1731 feret
595 1663 691 1756 piper
703 1675 736 1729 et
748 1660 825 1729 thus
838 1663 930 1731 ocius
944 1653 1024 1748 uva,

261 1778 332 1845 Nec
344 1776 452 1844 vicina
465 1775 578 1843 subest
591 1775 707 1841 vinum
721 1772 867 1866 praebere
881 1773 1017 1843 taberna

264 1891 347 1976 Qua
359 1888 463 1982 possit
475 1887 555 1972 tibi3
566 1911 628 1955 uec
641 1886 799 1955 meretrix
813 1886 967 1973 tibicina,
979 1887 1074 1978 cujus

260 2002 311 2071 Ad
325 2001 499 2095 strepitum
513 1999 610 2070 salias
623 2014 719 2070 terrae
733 2000 861 2094 gravis:
876 2013 909 2068 et
922 2015 1032 2070 tamen
1045 2026 1142 2097 urges

260 2114 464 2208 Iampridem
477 2139 544 2183 non
557 2129 645 2183 tacta
656 2113 824 2208 ligonibus
837 2138 933 2199 arva,
945 2114 1129 2208 bovemque

260 2228 472 2320 Disjuuctum
486 2252 600 2313 curas,
612 2242 646 2296 et
658 2227 780 2296 strictis
794 2227 968 2295 frondibus
979 2226 1098 2321 exples.

259 2340 363 2410 Addit
376 2366 461 2435 opus
474 2341 572 2435 pigro
585 2341 694 2427 rivus,
706 2342 734 2409 si
749 2340 872 2411 decidit
885 2340 1004 2427 imber,

260 2452 369 2521 Multa
381 2452 469 2521 mole
482 2452 650 2523 docendus
663 2453 776 2547 aprico
789 2476 924 2546 parcere
937 2468 1041 2546 prato.

259 2568 375 2650 Nunc,
388 2590 466 2659 age,
478 2565 560 2658 quid
573 2580 724 2635 nostrum
738 2569 935 2635 concentum
949 2565 1091 2649 dividat,
1103 2564 1191 2634 audi.

259 2678 368 2765 Quem
382 2691 495 2745 tenues
509 2677 648 2746 decuere
661 2692 763 2771 togae,
777 2676 943 2770 nitidique
955 2675 1084 2771 capilli,

260 2792 368 2878 Quem
381 2791 444 2859 scis
458 2791 641 2860 immunem
655 2792 786 2861 Cinarae
798 2789 960 2885 placuisse
974 2791 1102 2884 rapaci,

260 2905 368 2990 Quem
382 2902 534 2974 bibulum
550 2903 668 2997 liquidi
684 2905 793 2974 media
806 2905 848 2974 de
862 2903 935 2975 luce
947 2903 1097 2989 Falerni,

259 3018 361 3084 Coena
374 3016 484 3084 brevis
493 3017 606 3109 juvat,
618 3031 651 3085 et
663 3042 768 3111 prope
782 3019 890 3086 rivum
904 3042 1039 3087 somnus
1052 3017 1087 3086 in
1100 3016 1211 3085 herba.

260 3131 329 3198 Nec
344 3126 458 3197 lusisse
471 3129 591 3223 pudet,
603 3130 661 3199 sed
674 3155 741 3199 non
756 3131 902 3202 incidere
917 3131 1041 3201 ludum.
1135 3127 1153 3152 ⁶

259 3244 336 3313 Non
351 3242 426 3311 istic
438 3241 574 3335 obliquo
587 3243 685 3312 oculo
699 3268 772 3313 mea
785 3244 960 3314 commoda
972 3245 1146 3338 quisquam

259 3356 387 3440 Limat,
402 3378 469 3422 non
484 3354 562 3424 odio
575 3355 716 3426 obscuro
729 3382 908 3453 morsuque
921 3372 1069 3427 venenat.

259 3467 383 3535 Rident
397 3467 496 3535 vicini
511 3466 622 3561 glebas
636 3485 669 3542 et
683 3495 760 3539 saxa
774 3484 970 3540 moventem.

259 3584 345 3649 Cum
360 3582 463 3649 servis
476 3581 603 3650 urbana
617 3582 723 3652 diaria
737 3583 853 3652 rodere
867 3581 987 3664 mavis3

258 3693 387 3762 Horum
403 3708 439 3762 tu
454 3695 489 3762 in
505 3720 681 3766 numerum
694 3710 772 3765 voto
786 3697 864 3764 ruis.
879 3693 1009 3762 lnvidet
1020 3717 1117 3760 usum

259 3807 444 3900 Lignorum
457 3823 489 3876 et
503 3811 632 3903 pecoris
646 3810 707 3879 tibi
720 3808 792 3880 calo
804 3822 960 3903 argutus,
973 3821 1007 3876 et
1021 3805 1119 3874 horti.

259 3920 360 4011 Optat
374 3921 531 4015 ephippia
543 3922 604 3992 bos
617 3923 725 4017 piger,
738 3936 832 4016 optat
844 3946 937 3991 arare
949 3917 1112 4002 caballus;

259 4029 367 4116 Quam
382 4032 442 4099 scit
456 4047 613 4124 uterque,
626 4033 749 4118 libens,
762 4034 920 4118 censebo,
933 4046 1081 4103 exerceat
1092 4046 1206 4101 artem
