3325 5342
428 650 497 746 αφ
654 651 697 738 Q.
729 648 963 717 noanrn
985 649 1180 717 rnaccr
1333 668 1359 701 v.
1384 654 1419 699 ιε

425 781 518 851 Alter
531 780 657 850 rixatur
670 780 711 848 de
724 777 800 846 lana
813 800 898 869 saepe
911 776 1065 869 caprina,

426 897 621 990 Propugnat
633 893 732 987 nugis
743 905 907 960 armatus:
922 889 1097 978 «Scilicet,
1110 905 1147 959 ut
1161 916 1228 960 non

427 1009 504 1077 «Sit
516 1008 598 1076 mihi
612 1008 721 1100 prima
736 1003 835 1090 fides;
847 1018 897 1089 et,
910 1027 985 1071 vere
999 1003 1089 1096 quod
1102 1001 1226 1097 placet,
1238 1019 1357 1074 utnon

427 1121 581 1190 «Acriter
595 1117 750 1204 ciatrem,
763 1117 906 1210 pretium
920 1130 998 1184 aetas
1010 1114 1115 1184 altera
1128 1117 1276 1186 sordet»

427 1233 617 1326 Ambigitur
630 1231 712 1324 qnid
724 1229 837 1298 enim?
849 1232 968 1297 Castor
981 1230 1061 1297 sciat
1074 1254 1117 1296 an
1130 1229 1291 1300 Dolichos
1304 1230 1402 1325 plus;

427 1343 653 1414 Brundusium
666 1342 795 1411 Minuci
810 1340 927 1409 melius
940 1343 993 1409 via
1007 1342 1124 1428 ducat,
1136 1368 1180 1410 an
1192 1345 1288 1437 Appi.

428 1460 537 1547 Quem
553 1458 711 1527 damnosa
724 1481 845 1540 venus,
858 1480 955 1548 quem
969 1480 1114 1549 praeceps
1127 1456 1199 1526 alea
1211 1457 1334 1544 nudat,

428 1570 546 1641 Gloria
560 1597 658 1665 quem
672 1595 771 1664 supra
786 1572 873 1637 vires
886 1584 919 1638 et
932 1571 1029 1638 vestit
1041 1584 1072 1637 et
1086 1571 1200 1664 ungit,

430 1685 540 1772 Quem
555 1698 645 1752 tenet
656 1684 785 1777 argenti
800 1684 872 1751 sitis
885 1687 1075 1776 importuna
1090 1682 1273 1779 famesque,

430 1797 539 1884 Quem
555 1797 758 1888 paupertatis
771 1795 881 1887 pudor
894 1810 927 1863 et
940 1795 1035 1889 luga,
1048 1795 1138 1864 dives
1151 1797 1292 1882 amicus,

429 1912 520 2002 Saepe
534 1902 645 1976 decem
660 1909 750 1976 vitiis
763 1910 974 1995 instructior,
986 1909 1057 1976 odit
1069 1923 1102 1977 et
1115 1910 1245 1996 horret;

430 2024 513 2108 Aut,
525 2023 552 2089 si
568 2046 634 2089 non
649 2020 738 2105 odit,
752 2022 854 2115 regit,
866 2046 923 2107 ac,
935 2020 1036 2090 veluti
1050 2023 1106 2116 pia
1120 2038 1238 2108 mater,

429 2133 509 2202 Plus
521 2158 622 2227 quam
635 2159 669 2202 se
682 2158 796 2227 sapere
809 2148 842 2202 et
855 2135 1034 2203 virtutibus
1046 2159 1116 2203 esse
1129 2136 1275 2228 priorem

429 2245 529 2335 Vult,
541 2261 575 2315 et
586 2249 633 2315 ait
645 2272 750 2341 prope
763 2272 859 2316 vera:
874 2277 891 2310 (ι
900 2250 1001 2334 Meae,
1014 2247 1213 2316 contendere
1224 2246 1314 2332 noli,

430 2359 637 2430 «stultitiam
650 2361 824 2454 patiuntur
837 2386 934 2455 opes3
946 2361 1007 2429 tibi
1021 2360 1159 2455 parvula
1174 2387 1224 2431 res
1237 2376 1295 2431 est.

431 2475 556 2542 «Arcta
569 2472 662 2542 decet
674 2498 790 2542 sanum
805 2474 959 2542 comitem
975 2488 1061 2569 toga.
1075 2475 1199 2543 Desine
1212 2500 1343 2544 mecum

431 2617 448 2651 α
458 2591 602 2657 Certare.
613 2617 630 2652 n
642 2587 841 2681 Eutrapelus
855 2590 1052 2681 cuicumque
1065 2614 1185 2657 nocere
1196 2587 1347 2674 volebat,

430 2702 635 2770 Vestimenta
648 2701 748 2769 dabat
760 2703 915 2794 pretiosa.
929 2706 1049 2770 Beatus
1062 2702 1152 2770 enirn
1163 2704 1233 2796 jam

431 2817 517 2882 Cum
530 2812 679 2907 pulchris
692 2815 814 2884 tunicis
827 2830 935 2883 sumet
948 2840 1034 2883 nova
1048 2814 1187 2884 consilia
1199 2830 1233 2884 et
1246 2839 1337 2908 spes;

431 2926 584 2994 Dormiat
598 2925 635 2993 in
647 2924 773 3009 lucem3
786 2939 895 2993 scorto
908 2939 1086 3019 postponet
1098 2925 1272 2994 honestum

431 3036 608 3123 Officium;
621 3061 775 3105 nummos
788 3036 914 3106 alienos
928 3052 1056 3131 pasoet;
1067 3038 1110 3106 ad
1124 3038 1228 3106 imum

431 3150 541 3219 Thrax
554 3151 632 3236 erit,
645 3165 702 3219 aut
716 3147 847 3219 olitoris
859 3166 935 3245 aget
949 3150 1098 3220 mercede
1112 3149 1286 3219 caballum.

478 3266 644 3333 Arcanum
660 3289 765 3357 neque
779 3278 817 3332 tu
831 3265 1030 3334 scrutaberis
1043 3263 1135 3333 illius
1148 3288 1324 3359 umquam,

431 3377 719 3472 Comissunrque
732 3392 840 3472 teges,
852 3392 885 3447 et
898 3379 976 3448 vino
989 3392 1097 3447 tortus
1109 3393 1143 3446 et
1157 3378 1214 3447 ira.

431 3491 501 3559 Nec
514 3503 571 3558 tua
585 3488 734 3560 laudabis
748 3491 876 3578 studia,
889 3506 948 3560 aut
961 3490 1068 3561 aliena
1082 3491 1278 3585 reprendes,

431 3605 518 3690 Nec,
530 3628 633 3697 quum
647 3604 761 3672 venari
774 3602 863 3673 volet
876 3603 951 3692 ille,
963 3619 1114 3699 poemata
1128 3629 1263 3700 pangas.

431 3716 549 3783 Gratia
561 3717 609 3784 sic
621 3717 762 3786 fratrum
778 3718 1006 3812 geminorum,
1017 3718 1215 3812 Amphionis
1228 3733 1328 3810 atque

432 3828 545 3913 Zethi,
557 3828 718 3916 dissiluit,
731 3830 837 3901 donec
850 3847 1001 3926 suspecta
1015 3857 1127 3901 severo

432 3940 601 4009 Conticuit
615 3940 694 4035 lyra.
708 3946 878 4013 Fraternis
891 3947 1024 4015 cessisse
1037 3958 1175 4039 putatur

431 4052 584 4121 Moribus
597 4055 783 4147 Amphion;
796 4071 833 4125 tu
846 4058 926 4126 cede
938 4059 1082 4153 potentis
1094 4058 1193 4127 amici
