3325 5342
483 752 548 821 166
707 755 748 839 Q.
781 753 1003 821 HORATll
1037 754 1229 821 FLA‘CCI

524 881 684 952 Mollibus
698 884 731 949 in
746 883 875 976 pueris,
888 896 945 950 aut
959 883 992 949 in
1008 881 1126 975 puellis
1140 907 1244 952 urere.

574 995 637 1062 Hic
650 995 766 1062 tertius
779 994 981 1079 December,
994 1018 1033 1061 ex
1047 1019 1114 1087 quo
1128 994 1236 1063 destiti

524 1106 660 1174 lnacbia
673 1106 799 1193 furere,
812 1106 903 1176 silvis
916 1107 1077 1175 honorem
1092 1107 1224 1176 decutit

571 1222 645 1287 Heu
659 1217 727 1288 me!
743 1245 802 1313 per
815 1220 960 1306 Urbem,
974 1244 1051 1288 nam
1066 1220 1169 1313 pudet
1181 1221 1264 1288 tanti
1280 1219 1373 1305 mali,

525 1332 649 1401 Fabula
663 1348 787 1427 quanta
800 1329 865 1405 fui!
881 1334 1109 1402 conviviorum
1123 1347 1157 1401 et
1169 1334 1323 1426 poenitet,

571 1448 611 1514 In
626 1447 700 1539 quis
713 1460 879 1515 amantem
895 1445 1036 1539 languor
1049 1461 1082 1513 et
1095 1445 1263 1514 silentium

523 1560 659 1652 Arguit,
672 1575 705 1626 et
719 1559 819 1628 latere
833 1560 954 1651 petitus
970 1559 1037 1626 imo
1051 1559 1195 1651 spiritus.

570 1701 587 1733 α
600 1673 769 1741 Contrane
783 1671 912 1740 lucrum
927 1669 973 1738 nil
989 1669 1097 1739 valere
1110 1670 1290 1739 candidum

523 1814 539 1845 «
554 1785 710 1876 Pauperis
724 1780 912 1877 ingenium!
928 1812 945 1847 u
959 1784 1122 1876 querebar
1135 1783 1314 1877 applorans
1328 1784 1407 1866 tibi,

570 1896 675 1965 Simul
690 1896 825 1966 calentis
839 1897 1080 1966 inverecundus
1095 1899 1187 1966 Deus

464 2008 467 2019 ’
524 2008 712 2077 Fervidiore
726 2034 818 2077 mero
831 2034 952 2078 arcana
967 2024 1137 2102 promorat
1151 2009 1233 2078 loco.

570 2150 586 2183 t(
600 2122 703 2209 Quod
716 2123 744 2190 si
758 2124 840 2190 meis
855 2124 1004 2191 inaestuet
1018 2122 1208 2217 precordiis

523 2263 539 2295 α
554 2232 676 2302 Libera
688 2233 784 2321 hilis,
796 2249 834 2302 ut
848 2234 916 2303 luen
931 2237 1060 2329 ingrata
1074 2237 1181 2305 ventis
1195 2235 1320 2303 dividat

572 2375 590 2409 «
603 2349 780 2433 Fomenta,
793 2345 914 2416 vulnus
928 2347 974 2416 nil
991 2348 1116 2417 malum
1131 2348 1290 2433 levantia,

522 2490 538 2522 «
552 2461 688 2530 Desinet
702 2462 885 2554 imparibus
898 2477 1024 2531 certare
1038 2477 1222 2532 summotus
1235 2462 1350 2556 pudor.
1367 2493 1383 2525 »

571 2574 637 2643 Ubi
651 2575 720 2644 haec
733 2601 866 2645 severus
880 2591 912 2645 te
925 2577 1034 2670 palam
1050 2577 1279 2661 laudaveram,

522 2692 636 2757 Jussus
649 2690 741 2758 abire
755 2690 909 2775 domum,
923 2690 1052 2760 ferebar
1066 2693 1193 2760 incerto
1206 2690 1288 2782 pede

570 2800 621 2869 Ad
635 2826 702 2870 non
715 2804 857 2888 amicos,
870 2800 951 2871 heu!
967 2803 1047 2870 milri
1063 2818 1190 2897 postes,
1203 2816 1235 2869 et
1249 2798 1329 2869 ben!

523 2915 655 2983 Limina
669 2915 769 3001 dura,
783 2916 903 3009 quibus
918 2914 1048 2983 lumbos
1063 2930 1094 2982 et
1109 2913 1228 3007 infregi
1243 2912 1337 2982 latus.

571 3029 685 3115 Nunc,
698 3028 871 3122 gloriantis
884 3026 1065 3120 quamlibet
1080 3024 1310 3099 mulierculam

522 3141 663 3209 Vincere
677 3140 833 3226 mollitia,
849 3166 943 3209 amor
956 3142 1085 3234 Lycisci
1099 3165 1152 3208 me
1166 3154 1273 3221 tenet;

573 3254 671 3323 Unde
684 3256 837 3348 expedire
851 3280 919 3324 non
933 3256 1116 3323 amicorum
1131 3268 1253 3347 queant

422 3370 427 3379 '
525 3367 643 3436 Libera
658 3368 812 3455 consilia,
826 3394 887 3438 nec
900 3367 1107 3437 contumeliae
1122 3392 1255 3461 graves,

572 3481 635 3549 Sed
648 3481 732 3551 alius
745 3482 846 3551 ardor
859 3497 917 3550 aut
931 3481 1048 3576 puellae
1062 3480 1227 3565 candide,

525 3594 589 3659 Aut
603 3595 713 3662 teretis
727 3596 839 3687 pueri,
853 3593 986 3687 longam
1002 3593 1191 3662 renodantis
1204 3615 1341 3659 comam.
