3325 5342
454 699 522 785 264
680 702 722 788 Q.
754 700 977 768 uonarn
1010 682 1239 768 uuicos
1358 720 1383 752 v·
1406 707 1437 751 ιε

453 834 531 920 Quo
544 856 597 899 me
610 855 752 923 cumque
766 830 853 922 rapit
866 842 1059 922 tempestas,
1072 828 1202 899 deseror
1214 830 1343 924 hospes.

452 947 553 1016 Nunc
565 943 661 1039 agilis
675 943 738 1027 fio,
751 957 784 1010 et
796 966 924 1011 mersor
936 941 1089 1011 civilibus
1103 944 1220 1027 undis,

454 1060 596 1129 Virtutis
610 1083 693 1127 verae
706 1072 816 1127 custos
830 1057 1024 1151 rigidusque
1036 1056 1182 1143 satelles;

454 1178 552 1247 Nunc
566 1177 600 1243 in
615 1175 774 1269 Aristippi
788 1174 904 1242 furtim
919 1189 1081 1267 precepta
1095 1173 1240 1259 relabor,

455 1292 497 1357 Et
510 1287 590 1356 mibi
607 1313 676 1373 res,
689 1313 757 1356 non
773 1312 825 1355 me
840 1287 956 1372 rebus,
969 1287 1170 1380 subjungere
1182 1310 1295 1355 conor.

455 1407 503 1473 Ut
516 1428 583 1471 nox
596 1402 714 1497 longa,
727 1402 849 1495 quibus
863 1403 1023 1470 mentitur
1035 1402 1160 1485 amica,
1173 1400 1307 1495 diesque

456 1521 574 1611 Longa
587 1517 718 1585 videtur
731 1540 815 1609 opus
829 1516 1042 1602 debentibus;
1055 1530 1093 1584 ut
1106 1516 1199 1610 piger
1212 1541 1318 1584 annus

456 1629 612 1724 Pupillis,
626 1655 709 1723 quos
723 1630 806 1698 dura
819 1630 941 1723 premit
954 1628 1103 1697 custodia
1117 1642 1276 1698 matrum:

457 1743 511 1810 Sic
524 1741 606 1810 mihi
620 1742 714 1810 tarda
729 1742 855 1825 fluunt,
869 1742 1063 1835 ingrataque
1077 1755 1244 1835 tempora,
1258 1765 1330 1833 quae
1344 1766 1435 1835 spem

457 1853 709 1947 Consiliumque
721 1868 895 1922 morantur
906 1854 1028 1948 agendi
1043 1854 1170 1921 naviter
1185 1851 1234 1939 id,
1247 1855 1338 1947 quod

457 1972 562 2060 AEque
574 1967 775 2062 pauperibus
788 1968 941 2062 prodest,
955 1967 1174 2061 locupletibus
1186 1992 1296 2061 reque,

457 2083 562 2173 AEque
575 2079 760 2173 neglectum
774 2081 886 2175 pueris
900 2081 1099 2175 senibusque
1112 2080 1253 2149 nocebit

458 2196 590 2277 Restat,
603 2208 640 2262 ut
654 2193 705 2262 bis
718 2219 780 2288 ego
794 2219 847 2262 me
861 2195 930 2287 ipse
944 2219 1055 2288 regam
1069 2194 1220 2287 solerque
1232 2193 1417 2262 elementis:

457 2308 533 2377 Non
546 2307 652 2400 possis
665 2306 763 2375 oculo
776 2321 938 2399 quantum
952 2306 1151 2375 contendere
1165 2310 1333 2401 Lynceus,

457 2421 533 2490 Non
547 2433 656 2487 tamen
673 2418 796 2487 idcirco
809 2433 1004 2489 contemnas
1016 2418 1125 2513 lippus
1140 2420 1276 2514 inungi3
1320 2490 1324 2499 ,

457 2534 544 2618 Nec,
558 2534 636 2625 quia
649 2531 801 2628 desperes
814 2533 929 2601 invicti
943 2534 1093 2602 membra
1107 2531 1283 2626 Glyconis,

457 2645 591 2716 Nodosa
604 2671 724 2741 corpus
738 2646 823 2715 nolis
837 2646 1014 2740 prohibere
1027 2647 1194 2741 cheragra.

457 2761 516 2827 Est
529 2759 672 2853 quodum
687 2760 821 2855 prodire
835 2775 949 2845 tenus,
962 2762 989 2829 si
1004 2786 1071 2829 uon
1087 2760 1185 2830 datur
1196 2759 1293 2829 ultra.

458 2875 575 2943 Fervet
586 2876 724 2944 avaritia
737 2877 924 2970 miseroque
937 2877 1094 2971 cupidine
1107 2877 1243 2971 pectus?

459 2988 543 3055 Sunt
555 2989 655 3057 verba
667 3003 700 3058 et
713 3014 826 3076 voces,
840 2990 962 3084 quibus
974 2990 1065 3058 bunc
1079 2990 1182 3059 lenire
1196 2989 1343 3059 dolorem

457 3100 583 3186 Possis,
596 3115 629 3168 et
643 3126 797 3195 maguam
811 3102 920 3170 morbi
935 3102 1099 3195 deponere
1112 3117 1248 3196 partem.

459 3212 583 3282 Laudis
595 3239 708 3283 amore
721 3214 851 3284 tumes?
863 3219 948 3285 Sunt
961 3230 1050 3284 certa
1063 3216 1210 3310 piacula,
1222 3241 1296 3310 quar
1309 3231 1342 3285 te

459 3330 524 3395 Ter
536 3352 619 3421 pure
632 3327 717 3398 lecto
730 3344 887 3423 poterunt
903 3353 1049 3399 recreare
1063 3328 1183 3400 libello.

459 3441 612 3528 Invidus,
626 3443 822 3530 iracundus,
837 3444 943 3530 iners,
955 3444 1109 3531 vinosus,
1123 3445 1273 3514 amator?

458 3555 564 3624 Nemo
577 3553 761 3625 adeoserus
774 3571 841 3643 est,
854 3571 973 3625 utnon
987 3558 1159 3627 mitescere
1173 3557 1295 3651 possit,

459 3669 493 3735 Si
508 3670 607 3738 modo
620 3670 756 3740 culturae
769 3672 948 3765 patientem
963 3673 1150 3742 commodet
1163 3698 1285 3742 aurem.

459 3782 574 3851 Virtus
587 3798 654 3869 est,
667 3785 784 3852 vitium
798 3785 929 3879 fugere3
943 3800 976 3855 et
989 3787 1151 3881 sapientia
1165 3787 1273 3880 prima

460 3891 606 3962 Stultitia
619 3896 770 3964 caruisse.
784 3896 906 3982 Vides,
920 3923 992 3990 quae
1005 3898 1148 3966 maxima
1161 3898 1269 3966 credis

458 4006 537 4071 Esse
550 4005 653 4092 mala,
664 4009 820 4102 exiguum
834 4035 987 4097 censum,
1000 4024 1196 4106 turpemque
1211 4009 1399 4106 repulsam,

458 4118 594 4206 Quanto
607 4119 729 4190 devites
742 4123 844 4192 animi
858 4125 1039 4219 capitisque
1053 4123 1174 4194 labore.
