<?xml version="1.0" encoding="UTF-8"?>
<!DOCTYPE html PUBLIC "-//W3C//DTD XHTML 1.0 Transitional//EN"
    "http://www.w3.org/TR/xhtml1/DTD/xhtml1-transitional.dtd">
<html xmlns="http://www.w3.org/1999/xhtml" xml:lang="en" lang="en">
 <head>
  <title>
</title>
<meta http-equiv="Content-Type" content="text/html;charset=utf-8" />
  <meta name='ocr-system' content='tesseract 3.04.00' />
  <meta name='ocr-capabilities' content='ocr_page ocr_carea ocr_par ocr_line ocrx_word'/>
</head>
<body>
  <div class='ocr_page' id='page_1' title='image "./quintushoratius00didogoog_0175.png"; bbox 0 0 3325 5342; ppageno 0'>
   <div class='ocr_carea' id='block_1_1' title="bbox 510 671 1221 770">
    <p class='ocr_par' dir='ltr' id='par_1_1' title="bbox 510 671 1221 770">
     <span class='ocr_line' id='line_1_1' title="bbox 510 671 1221 770; baseline 0.006 -31"><span class='ocrx_word' id='word_1_1' title='bbox 510 671 742 741; x_wconf 57' lang='lat' dir='ltr'>‘sunnon</span> <span class='ocrx_word' id='word_1_2' title='bbox 773 674 977 750; x_wconf 64' lang='lat' dir='ltr'>nisus„</span> <span class='ocrx_word' id='word_1_3' title='bbox 1159 674 1221 770; x_wconf 80' lang='lat'>157</span> 
     </span>
    </p>
   </div>
   <div class='ocr_carea' id='block_1_2' title="bbox 240 920 1225 945">
    <p class='ocr_par' dir='ltr' id='par_1_2' title="bbox 240 920 1225 945">
     <span class='ocr_line' id='line_1_2' title="bbox 240 920 1225 945; baseline 0.001 -2"><span class='ocrx_word' id='word_1_4' title='bbox 240 920 1225 945; x_wconf 59' lang='lat' dir='ltr'>mmmmmmmmmm</span> 
     </span>
    </p>
   </div>
   <div class='ocr_carea' id='block_1_3' title="bbox 485 1129 852 1285">
    <p class='ocr_par' dir='ltr' id='par_1_3' title="bbox 485 1129 852 1285">
     <span class='ocr_line' id='line_1_3' title="bbox 485 1129 852 1285; baseline -0.008 -69"><span class='ocrx_word' id='word_1_5' title='bbox 485 1262 501 1285; x_wconf 34' lang='grc' dir='ltr'><strong><em>ι</em></strong></span> <span class='ocrx_word' id='word_1_6' title='bbox 613 1129 757 1215; x_wconf 86' lang='lat' dir='ltr'>ODE</span> <span class='ocrx_word' id='word_1_7' title='bbox 797 1130 852 1214; x_wconf 92' lang='lat' dir='ltr'>V.</span> 
     </span>
    </p>
   </div>
   <div class='ocr_carea' id='block_1_4' title="bbox 568 1383 896 1441">
    <p class='ocr_par' dir='ltr' id='par_1_4' title="bbox 568 1383 896 1441">
     <span class='ocr_line' id='line_1_4' title="bbox 568 1383 896 1441; baseline -0.006 0"><span class='ocrx_word' id='word_1_8' title='bbox 568 1385 617 1441; x_wconf 88' lang='lat' dir='ltr'>IN</span> <span class='ocrx_word' id='word_1_9' title='bbox 644 1383 896 1441; x_wconf 69' lang='lat' dir='ltr'>cumulum.</span> 
     </span>
    </p>
   </div>
   <div class='ocr_carea' id='block_1_5' title="bbox 260 1589 1112 4188">
    <p class='ocr_par' dir='ltr' id='par_1_5' title="bbox 337 1589 1068 1800">
     <span class='ocr_line' id='line_1_5' title="bbox 337 1589 1068 1688; baseline 0.007 -30"><span class='ocrx_word' id='word_1_10' title='bbox 337 1624 353 1659; x_wconf 86' lang='lat'>«</span> <span class='ocrx_word' id='word_1_11' title='bbox 368 1598 435 1679; x_wconf 76' lang='lat' dir='ltr'>Ar,</span> <span class='ocrx_word' id='word_1_12' title='bbox 448 1619 469 1661; x_wconf 91' lang='lat' dir='ltr'>o</span> <span class='ocrx_word' id='word_1_13' title='bbox 483 1596 634 1663; x_wconf 80' lang='lat' dir='ltr'><strong>Deorum</strong></span> <span class='ocrx_word' id='word_1_14' title='bbox 649 1589 817 1684; x_wconf 90' lang='lat' dir='ltr'>quidquid</span> <span class='ocrx_word' id='word_1_15' title='bbox 829 1591 863 1657; x_wconf 93' lang='lat' dir='ltr'>in</span> <span class='ocrx_word' id='word_1_16' title='bbox 878 1590 961 1660; x_wconf 86' lang='lat' dir='ltr'>coelo</span> <span class='ocrx_word' id='word_1_17' title='bbox 976 1597 1068 1688; x_wconf 51' lang='lat' dir='ltr'>regit¹</span> 
     </span>
     <span class='ocr_line' id='line_1_6' title="bbox 432 1705 966 1800; baseline 0.006 -27"><span class='ocrx_word' id='word_1_18' title='bbox 432 1738 450 1773; x_wconf 77' lang='grc' dir='ltr'><em>α</em></span> <span class='ocrx_word' id='word_1_19' title='bbox 463 1712 583 1778; x_wconf 83' lang='lat' dir='ltr'>Terras</span> <span class='ocrx_word' id='word_1_20' title='bbox 598 1720 632 1774; x_wconf 84' lang='lat' dir='ltr'>et</span> <span class='ocrx_word' id='word_1_21' title='bbox 645 1705 830 1773; x_wconf 87' lang='lat' dir='ltr'>humanum</span> <span class='ocrx_word' id='word_1_22' title='bbox 847 1705 966 1800; x_wconf 83' lang='lat' dir='ltr'>genus!</span> 
     </span>
    </p>

    <p class='ocr_par' dir='ltr' id='par_1_6' title="bbox 338 1817 1112 2006">
     <span class='ocr_line' id='line_1_7' title="bbox 338 1817 1112 1914; baseline 0.009 -27"><span class='ocrx_word' id='word_1_23' title='bbox 338 1853 355 1888; x_wconf 91' lang='lat'>«</span> <span class='ocrx_word' id='word_1_24' title='bbox 369 1823 454 1913; x_wconf 87' lang='lat' dir='ltr'>Quis</span> <span class='ocrx_word' id='word_1_25' title='bbox 468 1824 528 1891; x_wconf 90' lang='lat' dir='ltr'>iste</span> <span class='ocrx_word' id='word_1_26' title='bbox 543 1821 607 1891; x_wconf 81' lang='lat' dir='ltr'>sert</span> <span class='ocrx_word' id='word_1_27' title='bbox 621 1817 808 1890; x_wconf 79' lang='lat' dir='ltr'>tumultus?</span> <span class='ocrx_word' id='word_1_28' title='bbox 821 1834 854 1888; x_wconf 82' lang='lat' dir='ltr'>et</span> <span class='ocrx_word' id='word_1_29' title='bbox 867 1821 949 1914; x_wconf 91' lang='lat' dir='ltr'>quid</span> <span class='ocrx_word' id='word_1_30' title='bbox 964 1826 1112 1893; x_wconf 86' lang='lat' dir='ltr'>omnium</span> 
     </span>
     <span class='ocr_line' id='line_1_8' title="bbox 432 1935 971 2006; baseline 0.007 -6"><span class='ocrx_word' id='word_1_31' title='bbox 432 1935 586 2006; x_wconf 76' lang='lat' dir='ltr'>«Vultus</span> <span class='ocrx_word' id='word_1_32' title='bbox 600 1936 636 2003; x_wconf 89' lang='lat' dir='ltr'>in</span> <span class='ocrx_word' id='word_1_33' title='bbox 651 1958 756 2002; x_wconf 89' lang='lat' dir='ltr'>unum</span> <span class='ocrx_word' id='word_1_34' title='bbox 772 1958 825 2002; x_wconf 83' lang='lat' dir='ltr'>ine</span> <span class='ocrx_word' id='word_1_35' title='bbox 839 1936 971 2004; x_wconf 80' lang='lat' dir='ltr'>truces?</span> 
     </span>
    </p>

    <p class='ocr_par' dir='ltr' id='par_1_7' title="bbox 338 2048 982 2245">
     <span class='ocr_line' id='line_1_9' title="bbox 338 2048 982 2141; baseline 0.005 -26"><span class='ocrx_word' id='word_1_36' title='bbox 338 2080 354 2115; x_wconf 73' lang='lat' dir='ltr'>u</span> <span class='ocrx_word' id='word_1_37' title='bbox 369 2054 431 2120; x_wconf 88' lang='lat' dir='ltr'>Per</span> <span class='ocrx_word' id='word_1_38' title='bbox 446 2049 567 2119; x_wconf 87' lang='lat' dir='ltr'>liberos</span> <span class='ocrx_word' id='word_1_39' title='bbox 582 2063 632 2134; x_wconf 89' lang='lat' dir='ltr'>te,</span> <span class='ocrx_word' id='word_1_40' title='bbox 646 2048 673 2116; x_wconf 95' lang='lat' dir='ltr'>si</span> <span class='ocrx_word' id='word_1_41' title='bbox 689 2061 806 2116; x_wconf 83' lang='lat' dir='ltr'><strong>vocata</strong></span> <span class='ocrx_word' id='word_1_42' title='bbox 819 2050 982 2141; x_wconf 82' lang='lat' dir='ltr'>partubus</span> 
     </span>
     <span class='ocr_line' id='line_1_10' title="bbox 435 2160 825 2245; baseline 0 -17"><span class='ocrx_word' id='word_1_43' title='bbox 435 2192 452 2228; x_wconf 74' lang='grc' dir='ltr'>(ι</span> <span class='ocrx_word' id='word_1_44' title='bbox 466 2164 595 2233; x_wconf 87' lang='lat' dir='ltr'>Lucina</span> <span class='ocrx_word' id='word_1_45' title='bbox 609 2162 696 2230; x_wconf 89' lang='lat' dir='ltr'>veris</span> <span class='ocrx_word' id='word_1_46' title='bbox 710 2160 825 2245; x_wconf 69' lang='lat' dir='ltr'>affluit,</span> 
     </span>
    </p>

    <p class='ocr_par' dir='ltr' id='par_1_8' title="bbox 339 2273 1073 2482">
     <span class='ocr_line' id='line_1_11' title="bbox 339 2273 1073 2368; baseline 0.005 -28"><span class='ocrx_word' id='word_1_47' title='bbox 339 2305 357 2340; x_wconf 77' lang='grc' dir='ltr'>α</span> <span class='ocrx_word' id='word_1_48' title='bbox 371 2279 434 2345; x_wconf 88' lang='lat' dir='ltr'>Per</span> <span class='ocrx_word' id='word_1_49' title='bbox 448 2276 512 2344; x_wconf 88' lang='lat' dir='ltr'>hoc</span> <span class='ocrx_word' id='word_1_50' title='bbox 526 2275 628 2343; x_wconf 85' lang='lat' dir='ltr'>inane</span> <span class='ocrx_word' id='word_1_51' title='bbox 637 2273 926 2367; x_wconf 61' lang='lat' dir='ltr'>purpurae-decus,</span> <span class='ocrx_word' id='word_1_52' title='bbox 940 2300 1073 2368; x_wconf 82' lang='lat' dir='ltr'>precor,</span> 
     </span>
     <span class='ocr_line' id='line_1_12' title="bbox 435 2386 1043 2482; baseline 0.005 -29"><span class='ocrx_word' id='word_1_53' title='bbox 435 2391 530 2458; x_wconf 80' lang='lat' dir='ltr'>«Per</span> <span class='ocrx_word' id='word_1_54' title='bbox 545 2387 812 2482; x_wconf 85' lang='lat' dir='ltr'>improbaturum</span> <span class='ocrx_word' id='word_1_55' title='bbox 827 2386 897 2455; x_wconf 86' lang='lat' dir='ltr'>haee</span> <span class='ocrx_word' id='word_1_56' title='bbox 909 2390 1043 2475; x_wconf 77' lang='lat' dir='ltr'>Iovem,</span> 
     </span>
    </p>

    <p class='ocr_par' dir='ltr' id='par_1_9' title="bbox 340 2504 1044 2687">
     <span class='ocr_line' id='line_1_13' title="bbox 340 2504 1044 2596; baseline 0.007 -27"><span class='ocrx_word' id='word_1_57' title='bbox 340 2536 357 2570; x_wconf 68' lang='grc' dir='ltr'>α</span> <span class='ocrx_word' id='word_1_58' title='bbox 371 2506 462 2596; x_wconf 90' lang='lat' dir='ltr'><strong>Quid</strong></span> <span class='ocrx_word' id='word_1_59' title='bbox 476 2520 514 2575; x_wconf 91' lang='lat' dir='ltr'>ut</span> <span class='ocrx_word' id='word_1_60' title='bbox 528 2529 670 2575; x_wconf 86' lang='lat' dir='ltr'>noverca</span> <span class='ocrx_word' id='word_1_61' title='bbox 685 2529 738 2572; x_wconf 89' lang='lat' dir='ltr'>me</span> <span class='ocrx_word' id='word_1_62' title='bbox 752 2504 910 2591; x_wconf 87' lang='lat' dir='ltr'>intueris,</span> <span class='ocrx_word' id='word_1_63' title='bbox 923 2522 982 2574; x_wconf 86' lang='lat' dir='ltr'>aut</span> <span class='ocrx_word' id='word_1_64' title='bbox 996 2508 1044 2574; x_wconf 85' lang='lat' dir='ltr'>uti</span> 
     </span>
     <span class='ocr_line' id='line_1_14' title="bbox 435 2615 857 2687; baseline -0.002 -4"><span class='ocrx_word' id='word_1_65' title='bbox 435 2648 453 2683; x_wconf 77' lang='grc' dir='ltr'><em>α</em></span> <span class='ocrx_word' id='word_1_66' title='bbox 467 2619 574 2687; x_wconf 83' lang='lat' dir='ltr'>Petita</span> <span class='ocrx_word' id='word_1_67' title='bbox 589 2618 677 2687; x_wconf 85' lang='lat' dir='ltr'>serre</span> <span class='ocrx_word' id='word_1_68' title='bbox 692 2615 826 2686; x_wconf 77' lang='lat' dir='ltr'>bellua?</span> <span class='ocrx_word' id='word_1_69' title='bbox 841 2648 857 2681; x_wconf 76' lang='lat' dir='ltr'>n</span> 
     </span>
    </p>

    <p class='ocr_par' dir='ltr' id='par_1_10' title="bbox 340 2732 1040 2941">
     <span class='ocr_line' id='line_1_15' title="bbox 340 2732 1040 2825; baseline -0.001 -22"><span class='ocrx_word' id='word_1_70' title='bbox 340 2736 387 2803; x_wconf 86' lang='lat' dir='ltr'>Ut</span> <span class='ocrx_word' id='word_1_71' title='bbox 401 2733 470 2802; x_wconf 82' lang='lat' dir='ltr'>haee</span> <span class='ocrx_word' id='word_1_72' title='bbox 483 2732 637 2802; x_wconf 83' lang='lat' dir='ltr'>trementi</span> <span class='ocrx_word' id='word_1_73' title='bbox 652 2745 788 2825; x_wconf 87' lang='lat' dir='ltr'>questus</span> <span class='ocrx_word' id='word_1_74' title='bbox 802 2757 860 2800; x_wconf 89' lang='lat' dir='ltr'>ore</span> <span class='ocrx_word' id='word_1_75' title='bbox 874 2734 1040 2821; x_wconf 85' lang='lat' dir='ltr'>constitit,</span> 
     </span>
     <span class='ocr_line' id='line_1_16' title="bbox 437 2845 862 2941; baseline -0.005 -26"><span class='ocrx_word' id='word_1_76' title='bbox 437 2846 630 2941; x_wconf 82' lang='lat' dir='ltr'>Insignibus</span> <span class='ocrx_word' id='word_1_77' title='bbox 645 2845 748 2939; x_wconf 86' lang='lat' dir='ltr'>raptis</span> <span class='ocrx_word' id='word_1_78' title='bbox 762 2870 862 2938; x_wconf 86' lang='lat' dir='ltr'>puer,</span> 
     </span>
    </p>

    <p class='ocr_par' dir='ltr' id='par_1_11' title="bbox 341 2955 991 3165">
     <span class='ocr_line' id='line_1_17' title="bbox 341 2955 991 3052; baseline 0 -25"><span class='ocrx_word' id='word_1_79' title='bbox 341 2958 480 3052; x_wconf 87' lang='lat' dir='ltr'>Impube</span> <span class='ocrx_word' id='word_1_80' title='bbox 493 2983 634 3052; x_wconf 86' lang='lat' dir='ltr'>corpus,</span> <span class='ocrx_word' id='word_1_81' title='bbox 648 2955 747 3051; x_wconf 84' lang='lat' dir='ltr'>quale</span> <span class='ocrx_word' id='word_1_82' title='bbox 760 2973 872 3051; x_wconf 82' lang='lat' dir='ltr'>posset</span> <span class='ocrx_word' id='word_1_83' title='bbox 890 2960 991 3052; x_wconf 83' lang='lat' dir='ltr'>impia</span> 
     </span>
     <span class='ocr_line' id='line_1_18' title="bbox 437 3070 920 3165; baseline 0 -25"><span class='ocrx_word' id='word_1_84' title='bbox 437 3070 573 3140; x_wconf 82' lang='lat' dir='ltr'>Meilire</span> <span class='ocrx_word' id='word_1_85' title='bbox 585 3071 754 3140; x_wconf 82' lang='lat' dir='ltr'>Thracum</span> <span class='ocrx_word' id='word_1_86' title='bbox 768 3086 920 3165; x_wconf 78' lang='lat' dir='ltr'>pectora3</span> 
     </span>
    </p>

    <p class='ocr_par' dir='ltr' id='par_1_12' title="bbox 343 3182 973 3395">
     <span class='ocr_line' id='line_1_19' title="bbox 343 3182 973 3279; baseline -0.003 -24"><span class='ocrx_word' id='word_1_87' title='bbox 343 3182 483 3256; x_wconf 80' lang='lat' dir='ltr'>Canidia</span> <span class='ocrx_word' id='word_1_88' title='bbox 496 3185 651 3253; x_wconf 89' lang='lat' dir='ltr'>brevibus</span> <span class='ocrx_word' id='word_1_89' title='bbox 666 3183 837 3278; x_wconf 82' lang='lat' dir='ltr'>implicatu</span> <span class='ocrx_word' id='word_1_90' title='bbox 850 3187 973 3279; x_wconf 85' lang='lat' dir='ltr'>viperis</span> 
     </span>
     <span class='ocr_line' id='line_1_20' title="bbox 440 3299 958 3395; baseline 0.002 -26"><span class='ocrx_word' id='word_1_91' title='bbox 440 3299 558 3369; x_wconf 78' lang='lat' dir='ltr'>Crines</span> <span class='ocrx_word' id='word_1_92' title='bbox 572 3312 603 3367; x_wconf 83' lang='lat' dir='ltr'>et</span> <span class='ocrx_word' id='word_1_93' title='bbox 619 3299 825 3394; x_wconf 88' lang='lat' dir='ltr'>incomptum</span> <span class='ocrx_word' id='word_1_94' title='bbox 840 3317 958 3395; x_wconf 83' lang='lat' dir='ltr'>eaput,</span> 
     </span>
    </p>

    <p class='ocr_par' dir='ltr' id='par_1_13' title="bbox 342 3411 946 3620">
     <span class='ocr_line' id='line_1_21' title="bbox 342 3411 946 3508; baseline 0.003 -26"><span class='ocrx_word' id='word_1_95' title='bbox 342 3413 441 3482; x_wconf 86' lang='lat' dir='ltr'>Jubet</span> <span class='ocrx_word' id='word_1_96' title='bbox 454 3411 614 3507; x_wconf 84' lang='lat' dir='ltr'>sepulcris</span> <span class='ocrx_word' id='word_1_97' title='bbox 627 3413 801 3508; x_wconf 81' lang='lat' dir='ltr'>caprificos</span> <span class='ocrx_word' id='word_1_98' title='bbox 816 3430 946 3497; x_wconf 81' lang='lat' dir='ltr'>erutas,</span> 
     </span>
     <span class='ocr_line' id='line_1_22' title="bbox 438 3527 916 3620; baseline 0.006 -25"><span class='ocrx_word' id='word_1_99' title='bbox 438 3527 538 3596; x_wconf 77' lang='lat' dir='ltr'>Iubet</span> <span class='ocrx_word' id='word_1_100' title='bbox 552 3552 726 3620; x_wconf 88' lang='lat' dir='ltr'>cupressus</span> <span class='ocrx_word' id='word_1_101' title='bbox 741 3527 916 3614; x_wconf 73' lang='lat' dir='ltr'>flineboes,</span> 
     </span>
    </p>

    <p class='ocr_par' dir='ltr' id='par_1_14' title="bbox 343 3641 994 3850">
     <span class='ocr_line' id='line_1_23' title="bbox 343 3641 994 3737; baseline 0.002 -28"><span class='ocrx_word' id='word_1_102' title='bbox 343 3644 499 3710; x_wconf 80' lang='lat' dir='ltr'>Etuuctu</span> <span class='ocrx_word' id='word_1_103' title='bbox 512 3641 620 3734; x_wconf 89' lang='lat' dir='ltr'>turpis</span> <span class='ocrx_word' id='word_1_104' title='bbox 634 3667 702 3711; x_wconf 85' lang='lat' dir='ltr'>ova·</span> <span class='ocrx_word' id='word_1_105' title='bbox 712 3667 801 3712; x_wconf 83' lang='lat' dir='ltr'>ranae</span> <span class='ocrx_word' id='word_1_106' title='bbox 814 3644 994 3737; x_wconf 86' lang='lat' dir='ltr'>sanguine,</span> 
     </span>
     <span class='ocr_line' id='line_1_24' title="bbox 440 3752 987 3850; baseline 0 -28"><span class='ocrx_word' id='word_1_107' title='bbox 440 3752 659 3849; x_wconf 76' lang='lat' dir='ltr'>plumamque</span> <span class='ocrx_word' id='word_1_108' title='bbox 674 3769 845 3825; x_wconf 88' lang='lat' dir='ltr'>nocturuae</span> <span class='ocrx_word' id='word_1_109' title='bbox 859 3755 987 3850; x_wconf 82' lang='lat' dir='ltr'>strigis,</span> 
     </span>
    </p>

    <p class='ocr_par' dir='ltr' id='par_1_15' title="bbox 343 3867 1035 4068">
     <span class='ocr_line' id='line_1_25' title="bbox 343 3867 1035 3963; baseline 0 -29"><span class='ocrx_word' id='word_1_110' title='bbox 343 3867 552 3961; x_wconf 84' lang='lat' dir='ltr'>Herbasque,</span> <span class='ocrx_word' id='word_1_111' title='bbox 565 3893 648 3963; x_wconf 82' lang='lat' dir='ltr'>quas</span> <span class='ocrx_word' id='word_1_112' title='bbox 663 3868 771 3938; x_wconf 88' lang='lat' dir='ltr'>Iolcos</span> <span class='ocrx_word' id='word_1_113' title='bbox 785 3884 886 3962; x_wconf 86' lang='lat' dir='ltr'>atque</span> <span class='ocrx_word' id='word_1_114' title='bbox 898 3868 1035 3937; x_wconf 88' lang='lat' dir='ltr'>Hiberia</span> 
     </span>
     <span class='ocr_line' id='line_1_26' title="bbox 438 3981 903 4068; baseline 0.004 -20"><span class='ocrx_word' id='word_1_115' title='bbox 438 3982 563 4065; x_wconf 81' lang='lat' dir='ltr'>Mittit,</span> <span class='ocrx_word' id='word_1_116' title='bbox 576 4007 780 4052; x_wconf 88' lang='lat' dir='ltr'>venenorum</span> <span class='ocrx_word' id='word_1_117' title='bbox 794 3981 903 4068; x_wconf 83' lang='lat' dir='ltr'>ferax,</span> 
     </span>
    </p>

    <p class='ocr_par' dir='ltr' id='par_1_16' title="bbox 260 4093 969 4188">
     <span class='ocr_line' id='line_1_27' title="bbox 260 4093 969 4188; baseline 0 -28"><span class='ocrx_word' id='word_1_118' title='bbox 260 4096 271 4115; x_wconf 80' lang='lat'>⁸</span> <span class='ocrx_word' id='word_1_119' title='bbox 343 4095 385 4160; x_wconf 82' lang='lat' dir='ltr'>Et</span> <span class='ocrx_word' id='word_1_120' title='bbox 399 4117 472 4161; x_wconf 85' lang='lat' dir='ltr'>ossa</span> <span class='ocrx_word' id='word_1_121' title='bbox 487 4093 529 4159; x_wconf 85' lang='lat' dir='ltr'>ab</span> <span class='ocrx_word' id='word_1_122' title='bbox 544 4119 603 4165; x_wconf 89' lang='lat' dir='ltr'>ore</span> <span class='ocrx_word' id='word_1_123' title='bbox 618 4109 711 4188; x_wconf 81' lang='lat' dir='ltr'>rapta</span> <span class='ocrx_word' id='word_1_124' title='bbox 723 4094 847 4186; x_wconf 79' lang='lat' dir='ltr'>jejunae</span> <span class='ocrx_word' id='word_1_125' title='bbox 860 4094 969 4178; x_wconf 81' lang='lat' dir='ltr'>canis,</span> 
     </span>
    </p>
   </div>
   <div class='ocr_carea' id='block_1_6' title="bbox 0 0 1685 5342">
    <p class='ocr_par' dir='ltr' id='par_1_17' title="bbox 0 0 1685 5342">
     <span class='ocr_line' id='line_1_28' title="bbox 0 0 1685 5342; baseline 0 0"><span class='ocrx_word' id='word_1_126' title='bbox 0 0 1685 5342; x_wconf 95' lang='lat' dir='ltr'> </span> 
     </span>
    </p>
   </div>
  </div>
 </body>
</html>
