3325 5342
423 617 487 698 144
644 615 685 702 Q.
718 615 943 683 HORATII
975 615 1170 706 FLACCI

558 744 663 816 Nardi
678 769 799 837 parvus
812 768 899 837 onyx
912 742 1021 812 eliciet
1034 743 1171 828 cadum,

558 859 626 946 Qui
641 882 730 925 nunc
743 855 898 950 Sulpiciis
912 857 1050 925 accubat
1065 857 1209 942 horreis,

557 974 637 1064 Spes
651 970 776 1037 donare
791 993 892 1038 novas
907 968 1035 1063 Iargus‚
1048 994 1224 1062 amaraque

679 1086 845 1153 Curarum
861 1083 970 1152 eluere
982 1082 1107 1152 efficax.

558 1308 610 1376 Ad
624 1333 697 1401 quae
712 1308 738 1375 si
754 1332 910 1401 properas
924 1307 1063 1400 gaudia,
1076 1332 1152 1376 cum
1166 1322 1223 1376 tue

556 1420 662 1490 Velox
676 1446 784 1490 merce
798 1422 882 1489 veni.
896 1422 973 1490 Non
987 1445 1050 1514 ego
1063 1436 1096 1489 te
1109 1422 1191 1490 meis

556 1537 741 1603 Immunem
757 1535 899 1604 meditor
912 1534 1041 1628 tingere
1054 1533 1199 1627 poculis,

676 1654 776 1723 Pieria
791 1654 882 1723 dives
895 1669 933 1721 ut
948 1656 983 1721 in
996 1655 1106 1723 domo.

553 1881 678 1947 Verum
692 1903 779 1972 pone
793 1904 903 1947 moras
917 1894 951 1947 et
964 1880 1111 1949 studium
1126 1879 1226 1966 lucri,

553 1991 801 2086 Nigrorumque
815 2016 959 2079 memor,
973 1993 1053 2063 dum
1069 1992 1162 2081 iicet,
1175 1994 1322 2087 ignium,

554 2106 657 2173 Misce
671 2105 846 2173 stultitiam
861 2105 1007 2175 consiliis
1021 2107 1164 2175 brevem.

673 2215 782 2285 Dulce
795 2233 846 2285 est
859 2217 1007 2310 desipere
1022 2219 1056 2286 in
1072 2218 1155 2287 Ioco.

408 2468 496 2487 wuu
499 2468 1394 2489 ἋὯΜΜΜΜΜΜΜΜΜΜΜΜΜ

732 2664 875 2751 ODE
917 2664 1078 2750 XIII.

782 2921 829 2974 IN
858 2919 1017 2975 LYCEN.

552 3131 752 3212 Aun1ven13,
767 3130 872 3219 Lyce,
885 3126 930 3194 Di
945 3149 1018 3193 mea
1032 3140 1126 3209 vota,
1139 3128 1183 3196 Di

552 3241 733 3326 Audivere,
746 3242 844 3333 Lyce.
859 3239 913 3307 Fis
926 3263 1027 3324 anm,
1039 3254 1072 3307 et
1085 3253 1194 3308 tamen

693 3356 754 3424 Vis
768 3354 913 3422 formosa
927 3353 1049 3438 videri,
1183 3353 1187 3360 '

646 3467 814 3562 Ludisque
828 3483 862 3536 et
875 3468 962 3536 bibis
976 3468 1167 3561 impudens,

551 3698 593 3764 Et
606 3708 705 3763 centu
719 3694 861 3763 tremulo
876 3709 955 3788 pota
968 3692 1167 3786 Cupidinem

551 3812 694 3878 Lentum
708 3806 874 3878 sollicites.
890 3806 950 3876 Ille
964 3806 1103 3875 virentis
1116 3822 1148 3874 et

693 3923 808 3988 Doctae
822 3919 961 4014 psallere
974 3918 1066 3988 Chiae
1107 3911 1110 3920 ’

646 4030 795 4099 Pulchris
809 4033 948 4101 excubat
962 4032 995 4099 in
1011 4030 1112 4123 genis.
