3325 5342
445 686 515 757 230
669 684 711 769 Q.
743 679 968 749 HORATII
999 679 1025 743 F
1033 678 1194 747 Licet
1348 698 1376 730 v·
1398 691 1432 738 ta

444 819 576 885 Caecum
591 814 679 907 agit,
693 813 845 879 insanum
861 807 1040 900 Chrysippi
1055 807 1204 899 porticus
1217 822 1250 876 et
1263 833 1344 902 grex

445 931 615 998 Autumat
630 928 707 994 Haec
721 923 880 1018 populos,
894 921 964 991 hac
977 945 1117 1015 magnos
1131 921 1275 993 formula
1289 949 1401 1018 reges,

443 1045 588 1134 Excepto
602 1039 766 1132 sapiente,
780 1050 878 1105 tenet
894 1037 993 1105 Nunc
1006 1035 1137 1127 accipe,
1151 1060 1254 1129 quare

443 1154 618 1247 Desipiant
632 1175 747 1221 omnes
760 1174 853 1244 oeque
865 1174 905 1219 ac
919 1163 974 1234 tu,
988 1149 1046 1242 qui
1060 1149 1122 1217 tibi
1137 1174 1257 1217 nomen

443 1271 565 1336 Insano
578 1290 726 1361 posuere
741 1261 843 1333 Velut
856 1261 965 1348 silvis,
977 1262 1035 1331 ubi
1051 1263 1172 1356 passim

443 1377 595 1449 Palantes
608 1403 702 1448 error
715 1392 806 1447 certo
821 1376 862 1446 do
876 1376 1009 1445 tramite
1022 1374 1134 1468 pellit,

443 1491 503 1562 Ille
516 1493 762 1576 sinistrorsum,
775 1489 830 1557 hic
844 1488 1053 1558 dextrorsum
1067 1487 1155 1573 abit3
1169 1512 1256 1557 unus
1269 1490 1402 1582 utrique

442 1611 561 1692 Ermr,
574 1606 632 1675 sed
645 1605 746 1675 variis
759 1601 871 1673 illudit
885 1603 1045 1697 partibus.
1061 1604 1134 1671 Hoc
1147 1617 1180 1670 te

442 1717 550 1788 Crede
564 1718 664 1787 modo
679 1719 852 1802 insanum,
865 1713 972 1785 nihilo
986 1729 1023 1783 ut
1037 1714 1215 1809 sapientior
1230 1713 1302 1801 ille,

442 1832 510 1918 Qui
526 1846 559 1900 te
572 1829 717 1915 deridet,
731 1828 871 1898 caudam
888 1828 1006 1897 trahat
1021 1830 1080 1897 Est
1094 1851 1198 1921 genus
1211 1852 1316 1896 unum

440 1943 594 2014 stultitia
609 1941 752 2012 nihilum
767 1943 945 2011 metuenda
959 1942 1124 2027 timentis,
1137 1956 1175 2009 ut
1190 1942 1300 2035 ignes,

444 2062 488 2128 Ut
503 2081 618 2150 rupes,
632 2055 816 2149 fluviosque
831 2056 866 2124 in
881 2079 1000 2149 campo
1015 2055 1146 2125 obstare
1160 2068 1327 2147 queratur.

442 2170 592 2241 Alterum
606 2184 641 2239 et
653 2169 732 2239 huic
745 2194 881 2255 varum,
894 2184 927 2239 et
941 2169 1049 2239 nihilo
1064 2169 1264 2263 sapientius,
1278 2170 1370 2263 ignes

441 2288 504 2354 Per
517 2284 644 2355 medios
658 2285 843 2378 fluviosque
858 2285 993 2354 ruentis.
1010 2282 1142 2354 Clamet
1155 2284 1263 2353 amica

440 2402 565 2485 Mater,
578 2399 715 2469 honesta
729 2424 839 2485 soror,
853 2424 930 2469 cum
945 2399 1112 2493 cognatis,
1127 2412 1236 2492 pater,
1249 2421 1350 2465 uxor:

440 2514 503 2581 Hic
517 2511 603 2582 fossa
616 2528 665 2582 est
680 2510 813 2608 ingens!
830 2513 886 2582 hic
900 2537 998 2606 mpes
1012 2509 1173 2582 maxima!
1190 2509 1300 2581 serva!

439 2628 517 2696 Non
532 2625 637 2719 magis
650 2623 811 2711 audierit,
825 2650 925 2718 quam
941 2624 1056 2694 Fufius
1070 2625 1182 2695 ebrius
1196 2623 1294 2710 olim,

440 2741 555 2827 Quum
570 2738 711 2808 Ilionam
726 2739 890 2824 edormit,
903 2738 1051 2808 Catienis
1065 2736 1157 2807 mille
1171 2738 1339 2823 ducentis,

439 2856 564 2940 Mater,
577 2867 610 2923 te
622 2850 770 2946 appello!
787 2852 1017 2924 clamantibus.
1033 2853 1121 2922 lluic
1134 2877 1196 2946 ego
1210 2851 1346 2946 vulgum

439 2966 553 3035 Errori
568 2964 709 3043 similem
724 2949 881 3035 cunctum
898 2967 1042 3035 insanire
1057 2965 1190 3035 docebo.

486 3082 614 3150 insanit
627 3095 752 3150 veteres
766 3094 891 3149 statuas
904 3080 1129 3173 Damasippus
1142 3080 1293 3149 emendo.

438 3197 571 3287 Integer
584 3207 633 3262 est
646 3193 768 3261 mentis
781 3192 980 3285 Damasippi
992 3192 1163 3262 creditor?
1176 3196 1265 3263 Esto.

441 3308 561 3401 Accipe
574 3307 665 3401 quod
680 3331 865 3401 numquam
881 3305 1000 3376 reddas
1015 3306 1116 3393 mihi,
1130 3308 1157 3376 si
1172 3308 1233 3376 tibi
1250 3307 1377 3391 dicam,

438 3424 531 3488 Tune
546 3420 681 3489 insanus
693 3420 776 3506 eris,
790 3420 817 3489 si
832 3419 1020 3511 acceperis?
1034 3422 1086 3489 Au
1101 3422 1208 3514 magis
1222 3446 1354 3505 excors,

438 3531 569 3625 Rejecta
584 3532 713 3625 praeda,
725 3556 826 3626 quam
842 3556 985 3626 praesom
1000 3534 1187 3603 Mercurius
1202 3533 1286 3603 sert?

436 3643 550 3712 Scribe
563 3644 676 3714 decem
691 3670 711 3715 a
725 3646 841 3718 Nerio.
855 3648 932 3717 Non
946 3661 996 3716 est
1009 3648 1106 3732 satis3
1119 3646 1205 3716 adde
1218 3649 1333 3717 cicuta

436 3756 563 3825 Nodosi
578 3757 708 3828 tabulas
721 3772 876 3845 centum,
890 3758 982 3830 mille
997 3760 1083 3830 adde
1097 3775 1245 3830 catenas:

436 3870 583 3965 Effugiet
597 3888 706 3943 tamen
721 3875 793 3944 hec
805 3874 984 3946 sceleratus
998 3874 1131 3945 vincula
1146 3879 1294 3947 Proteus.

436 3985 551 4072 Quum
567 3987 673 4077 rapies
687 3988 721 4054 in
733 3988 789 4079 jus
803 3988 899 4059 malis
915 3989 1076 4059 ridentem
1091 3988 1227 4075 alienis,

436 4099 507 4168 Fiet
513 4121 603 4189 aper,
609 4100 709 4167 modo
715 4102 796 4187 avis,
803 4102 904 4171 modo
911 4116 1197 4196 saxum,et,quum
1206 4102 1420 4187 volet,arb0r.
