3325 5342
429 683 723 750 CARMINUM
754 682 910 750 LIBER
941 681 1014 747 ΙΙΙ.

377 844 394 877 a
408 816 479 883 Nec
491 837 570 881 vera
583 814 706 897 virtus,
719 837 822 905 quum
837 811 934 881 semei
949 810 1089 898 excidit,

376 957 392 990 «
408 930 514 996 Curat
529 928 644 1020 reponi
660 927 888 995 deterioribus.

425 1042 490 1109 «Si
507 1056 633 1135 pugnat
646 1042 804 1109 extricata
819 1040 929 1109 densis

472 1183 489 1216 a
504 1157 609 1223 Cerva
625 1152 749 1248 plagis,
761 1156 826 1222 erit
841 1152 896 1222 ille
910 1153 1022 1236 fortis,

378 1432 394 1466 α
411 1403 478 1490 Qui
492 1399 628 1494 perfidis
642 1425 677 1468 se
690 1398 831 1468 credidit
845 1400 1013 1487 hostibus3

377 1545 394 1578 a
409 1518 451 1582 Et
465 1517 573 1582 Marte
587 1517 706 1583 Poenos
720 1526 865 1605 proteret
880 1511 1002 1599 altero,

422 1657 439 1691 α
454 1628 521 1715 Qui
537 1626 608 1695 lora
623 1626 782 1694 restrictis
797 1623 927 1695 laoertis

470 1757 487 1804 a
500 1743 610 1810 Sensit
625 1742 731 1823 iners,
745 1740 923 1833 timuitque
937 1738 1093 1810 mortem!

377 2022 393 2056 «
407 1994 487 2079 Hie,
500 1993 589 2062 uude
602 1994 705 2061 vitam
720 2007 866 2061 sumeret
880 1993 1019 2079 inscius,

378 2137 394 2170 «
409 2110 525 2177 Paoem
540 2105 651 2176 duello
667 2106 810 2175 miscuit
826 2109 859 2175 0
873 2102 997 2198 pudor!

425 2249 442 2282 α
456 2225 488 2289 Ο
502 2244 622 2313 magna
636 2219 823 2313 Carthago,
838 2218 1007 2312 probrosis

472 2363 489 2396 ι(
504 2333 615 2403 Altior
628 2331 732 2402 ltaliae
747 2328 869 2401 ruinis!
886 2361 903 2396 »

379 2593 497 2657 Fertur
509 2588 639 2681 pudiooe
651 2588 803 2682 conjugis
816 2586 986 2672 osculum,

378 2705 567 2796 Parvosque
582 2715 695 2786 natos,
706 2715 743 2770 ut
756 2702 875 2795 eapitis
890 2702 1015 2786 minor,

426 2816 479 2885 Ab
493 2841 527 2884 se
542 2815 735 2902 removisse,
748 2829 782 2883 et
794 2815 925 2884 virilem

472 2933 601 2998 Torvus
615 2929 708 2997 humi
724 2929 873 3022 posuisse
885 2927 1032 3013 vultum3

378 3178 495 3244 Donec
508 3173 655 3242 labantes
669 3171 809 3241 consilio
824 3188 935 3267 patres

380 3289 543 3356 Firmaret
555 3301 671 3355 auctor
685 3311 868 3381 numquam
884 3286 965 3355 alias
979 3286 1074 3371 dato,

429 3404 585 3495 Interque
598 3415 770 3470 maerentes
783 3402 908 3470 amicos

476 3515 636 3610 Egregius
650 3528 844 3609 properaret
856 3515 957 3583 exsui.

383 3760 482 3852 Atqui
498 3758 638 3844 sciehat,
651 3783 724 3852 quae
738 3758 801 3827 sibi
817 3758 979 3827 barbarus

380 3877 501 3942 Tortor
512 3886 663 3966 pararet3
677 3898 744 3941 non
758 3870 855 3942 aliter
869 3886 979 3941 tamen

428 3986 579 4055 Dimovit
592 3986 759 4055 obstantes
773 3986 998 4079 propinquos,

475 4102 518 4168 Et
531 4098 693 4194 populum
709 4098 834 4168 reditus
849 4112 1051 4180 morantem,

1167 682 1209 777 ⁸7
