3325 5342
208 679 301 740 v·¹⁶e
376 675 687 742 SATIRARUM
719 675 878 741 LIBER
909 678 958 743 11.
992 676 1022 745 3.
1121 679 1189 750 235

208 806 358 898 Antique
371 826 491 887 censu,
505 801 591 870 natis
605 800 726 871 divisse
740 800 871 872 duobus

208 922 341 1004 Fertur,
353 932 387 987 et
399 916 464 985 boc
478 915 624 984 moriens
638 914 750 1007 pueris
763 914 884 986 dixisse
897 919 1021 987 vocatis

210 1031 263 1102 Ad
276 1031 416 1103 lectum:
431 1034 638 1123 «Postquam
653 1043 685 1097 te
698 1027 801 1117 talus,
814 1031 918 1119 Aule,
931 1057 1097 1129 nucesque

210 1148 335 1214 «Ferre
349 1146 426 1215 sinu
439 1143 532 1230 taxo,
546 1142 671 1213 donare
683 1157 718 1211 et
731 1142 847 1214 ludere
861 1145 947 1231 vidi3

210 1286 227 1320 α
236 1261 300 1344 Te,
313 1258 444 1343 Tiberi,
457 1278 647 1341 numerare,
660 1256 749 1324 cavis
763 1257 966 1329 abscondere
978 1261 1122 1331 tristem:

211 1400 228 1434 u
237 1371 403 1456 Extimui,
416 1395 458 1439 ne
471 1394 530 1439 vos
542 1382 656 1462 ageret
667 1370 801 1438 vesania
816 1370 959 1458 discors3

212 1488 289 1554 «Tu
303 1488 569 1569 Nomentanum,
582 1497 620 1551 tu
634 1507 677 1552 ue
690 1507 863 1577 sequerere
876 1486 1037 1556 Cicutam.

211 1599 350 1687 «Quare
363 1597 530 1691 perdives
544 1610 658 1666 oratus
670 1609 811 1690 uterque
824 1599 981 1685 Penates,

210 1713 287 1779 «Tu
301 1735 379 1781 eave
393 1736 436 1780 ne
449 1711 599 1797 minnan
612 1724 669 1797 tu,
682 1735 724 1779 ne
738 1711 846 1804 majus
860 1710 960 1781 facias
974 1711 1008 1779 id

210 1854 227 1888 a
236 1825 337 1914 Quod
351 1827 430 1895 satis
444 1850 515 1896 esse
527 1840 623 1920 putat
636 1840 749 1919 pater,
762 1839 796 1894 et
809 1840 929 1895 natura
942 1833 1079 1897 coercet.

121 1998 134 2021 ,
212 1967 229 2002 a
238 1943 399 2010 Praeterea
411 1964 454 2008 ne
465 1964 526 2010 vos
540 1938 653 2010 titillet
666 1938 791 2034 gloria,
801 1940 894 2033 jure·

212 2081 229 2116 a
238 2053 385 2122 Jurando
399 2053 606 2148 obstringam
619 2053 738 2139 amb03
751 2067 826 2123 uter
839 2052 962 2139 editis,
975 2053 1114 2123 fueritve

212 2169 394 2271 «Vestrum
408 2182 547 2259 prator,
560 2166 588 2237 is
602 2164 799 2237 intestabilis
812 2180 846 2235 et
860 2190 950 2235 saeer
963 2180 1043 2237 esto.

213 2284 279 2349 «Iu
293 2281 398 2350 cicere
411 2296 512 2374 atque
527 2281 603 2350 laba
615 2281 704 2350 bona
718 2295 756 2350 tu
770 2280 954 2375 perdasque
968 2280 1109 2374 lupinis,

212 2398 339 2465 «Latus
352 2409 391 2465 ut
406 2396 440 2464 in
455 2396 555 2466 Circo
569 2395 728 2490 spatiere,
740 2409 775 2464 et
787 2419 908 2465 aeneus
923 2409 961 2463 ut
974 2409 1058 2481 stes,

212 2508 355 2579 «Nudus
368 2509 474 2604 agris,
490 2509 600 2578 nudus
614 2509 779 2595 numinis,
792 2508 925 2595 insane,
938 2508 1106 2602 paternis?

212 2621 369 2691 «Scilicet
381 2637 419 2692 ut
434 2621 587 2716 plausus,
600 2648 685 2717 quos
699 2622 763 2691 lert
777 2623 947 2718 Agrippa,
958 2621 1044 2691 feras
1058 2636 1113 2706 tu,

212 2767 229 2798 «
239 2742 356 2807 Astuta
371 2738 551 2832 ingenuum
565 2735 682 2831 vulpes
698 2737 827 2807 imitata
841 2735 1020 2835 leonemln
1156 2742 1158 2745 ’

259 2853 310 2921 Ne
318 2851 392 2945 quis
402 2850 555 2920 humasse
564 2849 644 2920 velit
653 2851 1052 2943 Ajacem,Atrida,vetes
1061 2847 1195 2918 cur?—

212 2967 282 3032 Rex
296 2988 379 3032 sum.
395 3004 442 3015 -
455 2962 512 3033 Nil
525 2963 614 3033 ultra
628 2964 741 3057 quaero
757 2963 914 3058 plebeius.
930 3006 978 3018 -
991 2967 1035 3033 Et
1047 2987 1173 3057 oequam

212 3082 294 3147 Rern
310 3078 482 3171 imperit03
495 3094 552 3164 a'c,
566 3079 593 3146 si
608 3079 662 3148 cui
676 3078 793 3147 videor
806 3103 875 3147 non
885 3080 1014 3171 justus,
1027 3075 1134 3145 inulto

212 3195 349 3279 Dicere,
362 3193 453 3286 quod
466 3193 583 3279 sentit,
597 3194 764 3288 permitte.
780 3235 828 3247 —
841 3193 988 3262 Maxime
1002 3216 1136 3288 regum,

211 3308 256 3376 Di
272 3307 333 3375 tibi
349 3306 428 3376 deut
441 3322 536 3402 capta
551 3307 687 3378 classem
703 3308 885 3378 redducere
897 3303 1025 3400 Trojat!¹

212 3424 302 3514 Ergo
316 3420 506 3509 consulere,
518 3437 552 3491 et
565 3446 644 3492 mox
659 3423 860 3518 respondere
874 3420 1009 3491 licebit?
1022 3460 1070 3472 -

213 3531 367 3602 Consule.
383 3575 430 3585 -
444 3535 515 3603 Cur
528 3535 633 3628 aljar,
646 3535 746 3605 heros
759 3534 802 3606 ab
816 3532 945 3604 Achille
959 3531 1140 3615 secundus,

122 3678 128 3689 ·
213 3649 375 3734 Puteseit,
387 3650 486 3718 toties
499 3650 637 3718 servatis
649 3648 760 3719 clarus
773 3646 931 3719 Achivis?

213 3761 366 3831 Gaudeat
378 3777 417 3831 ut
429 3762 575 3856 populus
587 3763 713 3832 Priami
728 3764 946 3854 Priamusque
960 3758 1151 3841 inhumato,

213 3877 276 3943 Per
289 3900 387 3969 quern
402 3891 452 3944 tot
462 3878 602 3969 juvenes
615 3878 726 3971 patrio
737 3872 876 3947 caruere
887 3872 1119 3969 sepulcro?-

212 3983 306 4053 Mille
319 3988 432 4056 ovium
447 3989 584 4058 insanus
597 3990 697 4058 morti
711 3988 821 4076 dedit,
835 3986 994 4082 inclytum
1010 3984 1150 4067 Ulixen,

214 4101 256 4166 Et
270 4100 459 4170 Menelaum
475 4126 542 4171 una
556 4121 685 4173 meeum
701 4128 735 4172 se
749 4101 900 4171 occidere
913 4100 1068 4168 clamans.
1084 4139 1131 4151 -
