3325 5342
452 679 514 750 152
674 685 717 771 Q.
749 683 974 751 HORATll
1005 681 1200 750 FLACCl

540 817 605 900 Ut,
617 812 764 882 assidens
778 811 993 906 implumibus
1008 809 1127 905 pullis,
1138 812 1210 880 avis

635 928 847 1020 Serpentium
860 924 1005 1020 allapsus
1019 926 1113 994 timet

540 1042 650 1134 Magis
665 1040 805 1126 relictis;
818 1065 903 1126 non,
916 1053 954 1108 ut
968 1039 1073 1125 adsit,
1085 1037 1186 1107 auxili

637 1158 764 1224 Latura
777 1153 853 1248 plus
868 1153 1092 1247 praesentibus.

541 1268 700 1337 Libenter
714 1269 778 1337 hoc
791 1283 824 1336 et
838 1292 939 1338 omne
953 1265 1152 1336 militabitur

637 1381 767 1451 Bellum
781 1382 814 1449 in
830 1396 895 1450 tuae
909 1405 1001 1474 spem
1016 1381 1148 1475 gratiae3

539 1497 616 1565 Non
631 1509 669 1563 ut
677 1496 828 1589 juvencis
843 1493 971 1588 illigata
984 1492 1137 1587 pluribus
1208 1481 1213 1490 ’

636 1619 757 1686 Aratra
772 1618 922 1685 nitantur
936 1616 1035 1698 meis,

539 1731 682 1797 Peeusve
696 1728 847 1797 Calabris
861 1741 938 1795 ante
950 1725 1044 1796 sidus
1058 1724 1221 1794 fervidum

635 1844 769 1909 Lucana
784 1854 889 1909 mutet
904 1864 1043 1933 pascua,

538 1958 607 2024 Nec
621 1967 657 2023 nt
671 1955 804 2047 superni
819 1952 898 2022 villa
912 1952 1058 2022 candens
1071 1952 1206 2023 Tusculi

634 2068 760 2137 Circaea
774 2082 890 2162 tangat
904 2070 1034 2136 moenia.

538 2181 624 2248 Satis
637 2205 800 2273 superque
815 2205 869 2248 me
882 2180 1071 2274 benignitas
1085 2194 1143 2248 tua

637 2292 784 2388 Ditavit3
798 2290 889 2359 haud
903 2316 1082 2385 paravero,

539 2402 640 2493 Quod
653 2417 711 2472 aut
724 2428 860 2490 avarus,
874 2417 912 2472 ut
926 2404 1103 2490 Chremes,
1116 2418 1203 2474 terra
1217 2428 1381 2497 premam,

641 2518 833 2587 Discinetus
846 2532 903 2586 aut
918 2518 1055 2611 perdam
1070 2543 1181 2612 nepos.

1310 2715 1429 2737 m

812 2857 954 2943 ODE
997 2858 1063 2942 II.

539 3078 676 3144 Burrus
690 3073 763 3160 ille,
776 3076 835 3169 qni
849 3073 966 3168 procul
982 3077 1143 3170 negotiis,

637 3191 683 3257 Ut
697 3189 804 3280 prisca
819 3212 901 3282 gens
914 3187 1127 3274 mortalium,

539 3305 681 3370 Paterna
695 3326 772 3371 rura
786 3301 895 3371 bobus
909 3317 1038 3372 exercet
1053 3305 1138 3390 suis,

634 3412 769 3483 Solutus
782 3416 874 3484 omni
890 3415 1014 3485 fenore.

539 3528 654 3620 Neque
667 3528 829 3597 excitatur
843 3527 981 3598 classico
996 3528 1090 3598 miles
1105 3530 1209 3616 truci,

634 3642 705 3710 Nec
718 3642 833 3711 horret
847 3644 969 3711 iratum
985 3668 1094 3730 mare,

539 3756 728 3848 Forumqne
742 3757 824 3824 vitat
838 3771 871 3826 et
886 3757 1029 3851 superba
1041 3758 1164 3827 civium

635 3870 864 3940 Potentiorum
881 3871 1006 3941 limina.

537 3981 627 4073 Ergo
641 3997 699 4050 aut
712 3983 826 4054 adulta
838 3986 956 4054 vitium
971 3987 1156 4081 propagine

635 4090 728 4162 Altae
742 4097 875 4165 maritat
890 4097 1048 4192 populos;
