3325 5342
466 664 535 747 aar.
694 663 735 749 Q.
768 656 993 735 nonanti
1023 660 1221 730 annccr
1375 682 1399 718 v.
1421 682 1456 729 ω

463 793 631 861 Tractavit
645 791 782 861 calicem
795 791 968 877 manibus,
982 790 1063 861 dum
1079 790 1169 859 furta
1183 788 1334 885 ligurrit3

464 907 539 974 Sive
554 905 664 999 gravis
677 904 780 972 veteri
794 920 929 973 craterae
943 903 1042 973 limus
1056 903 1203 973 adhaesit

464 1017 597 1087 Vilibus
613 1019 646 1086 in
661 1019 787 1110 scopis,
801 1019 835 1086 in
852 1019 982 1110 mappis
996 1071 1006 1104 ‚
1020 1018 1054 1084 in
1070 1019 1187 1103 scobe,
1200 1033 1344 1110 quantus

464 1132 627 1202 Consistit
640 1129 814 1223 sumptus?
826 1131 1012 1225 Neglectis,
1026 1130 1189 1225 flagitium
1205 1133 1331 1226 ingens.

464 1242 543 1312 Ten’
557 1242 682 1335 lapides
695 1245 805 1312 varios
819 1243 984 1313 lutulenta
999 1240 1114 1312 radere
1128 1243 1257 1339 palma,

464 1361 506 1426 Et
519 1357 634 1451 Tyrias
649 1357 726 1426 dare
740 1358 866 1427 circum
883 1356 976 1427 illota
990 1356 1110 1426 toralia
1123 1358 1250 1426 vestes?

464 1470 634 1557 oblitum,
648 1486 773 1565 quanto
788 1497 901 1541 curam
917 1473 1153 1567 sumptumque
1168 1473 1336 1538 minoremv

464 1587 541 1653 Haec
554 1585 716 1669 habeant,
730 1598 824 1653 tanto
839 1585 993 1679 reprendi
1006 1586 1127 1678 justius
1141 1584 1224 1668 iilis,

464 1699 548 1787 Quae
563 1699 626 1767 nisi
642 1697 799 1768 divitibus
814 1714 983 1792 nequeunt
997 1700 1190 1792 contingere
1207 1699 1337 1765 mensis.

842 1836 866 1880 n
875 1836 898 1880 o
907 1837 928 1881 n
938 1836 985 1882 nr
995 1838 1005 1881 1
1015 1837 1070 1881 us

464 1925 571 1990 Docte
584 1923 678 2007 Cati,
692 1946 751 2014 per
764 1923 945 1992 amicitiam
961 1925 1130 2017 Divosque
1146 1938 1298 2018 rogatus,

465 2038 595 2105 Ducere
608 2059 662 2104 me
675 2035 846 2125 auditum,
861 2063 977 2132 perges
991 2062 1219 2132 quocumque,
1232 2050 1407 2104 memento.

463 2149 550 2218 Nam
564 2149 716 2241 quamvis
730 2152 869 2220 memori
885 2152 1006 2221 referas
1021 2153 1107 2219 mihi
1119 2167 1251 2244 pectore
1264 2165 1402 2233 cuncta,

464 2264 539 2331 Non
555 2277 666 2331 tamen
682 2263 845 2358 interpres
860 2266 1067 2334 tantumdem
1079 2267 1214 2360 juveris.
1231 2265 1326 2335 Adde

465 2373 604 2444 Vultum
619 2376 838 2471 habitumque
851 2379 1015 2465 hominis,
1028 2405 1126 2472 quern
1141 2396 1176 2447 tu
1189 2378 1309 2447 vidisse
1321 2379 1437 2445 beatus

465 2492 542 2559 Non
557 2491 670 2585 magni
686 2492 821 2584 pendis,
835 2495 912 2589 quia
927 2496 1086 2588 contigit;
1100 2509 1134 2562 at
1149 2493 1231 2562 mihi
1246 2518 1324 2561 cura

465 2608 541 2675 Non
556 2605 733 2677 mediocris
748 2609 851 2693 inest,
866 2610 973 2679 fontes
987 2627 1024 2678 ut
1038 2609 1130 2678 adire
1146 2623 1306 2693 remotos,

465 2722 572 2812 Atque
585 2721 720 2790 haurire
735 2748 860 2816 queam
870 2725 945 2792 vita>
959 2736 1122 2817 praecepta
1136 2724 1248 2791 beatae.

466 2970 1452 2994 MMWWWUMMSMMQWMWMWWW*

788 3183 1033 3270 SATIRA
1075 3185 1128 3269 V.
1210 3202 1218 3223 '

874 3460 1036 3505 Uthes

464 3577 541 3645 Hoc
558 3601 709 3669 quoque,
722 3577 867 3663 Tiresia,
881 3592 1000 3670 praeter
1015 3592 1147 3645 narrata
1161 3577 1283 3669 petenti

465 3688 659 3781 Responde,
672 3689 794 3782 quihus
809 3691 947 3759 amissas
962 3716 1114 3789 reparare
1129 3715 1247 3782 queam
1265 3714 1313 3756 res

463 3800 598 3869 Artibus
611 3816 711 3895 atque
725 3803 842 3874 modis.
859 3804 953 3892 Quid
970 3804 1078 3872 rides?

851 3965 1063 4011 Tlnnstts

1094 4083 1211 4149 Jamne
1225 4076 1343 4145 doloso
