3325 5342
452 635 491 681 ra
674 614 717 701 Q.
749 604 974 681 HORATH
1005 604 1200 678 FLACCI

614 743 771 831 Brachia,
784 767 868 835 saepe
882 741 1000 826 disco,

445 861 537 952 Saepe
550 874 642 928 trans
656 857 757 927 finem
768 854 882 949 'jaculo
896 852 1018 923 nobilis
1032 852 1209 947 expedito?

614 970 707 1061 Quid
721 968 818 1057 latet,
831 983 870 1038 ut
883 969 1020 1037 marinae

446 1081 567 1152 Filium
582 1083 699 1153 dicunt
711 1080 862 1151 Thetidis
876 1081 937 1150 suh
952 1080 1135 1173 lacrymosa
1147 1082 1255 1175 Trojoe

615 1201 763 1283 Funera,
776 1220 819 1264 ne
833 1194 938 1264 virilis

446 1307 565 1378 Cultus
579 1310 613 1377 in
627 1309 748 1380 cadom
763 1323 796 1377 et
809 1309 927 1401 Lycias
941 1308 1127 1401 proriperet
1140 1307 1308 1377 catervas?

799 1752 942 1841 ODE
986 1752 1077 1838 IX.

709 2002 771 2057 AD
796 2000 1156 2058 THALIARGHUM.

589 2204 698 2269 Vinus
712 2214 751 2268 ut
763 2197 831 2269 alta
845 2214 908 2269 stet
921 2199 997 2269 nive
1010 2199 1190 2269 candidum

588 2315 739 2399 Soracte,
752 2338 814 2382 nec
823 2313 894 2407 jam
908 2314 1092 2383 sustineant
1105 2337 1191 2383 onus

634 2426 732 2497 Silvae
744 2426 951 2514 laborantes,
965 2426 1107 2522 geluque

683 2540 837 2611 Flumina
851 2542 1060 2612 constiterint
1072 2556 1180 2613 acuto.

587 2769 740 2839 Dissolve
754 2769 877 2864 irigm,
891 2768 982 2863 ligna
996 2792 1096 2863 super
1109 2769 1183 2839 foco

587 2886 695 2977 Lange
710 2906 891 2976 reponens,
903 2894 1003 2973 atque
1017 2881 1193 2975 benignius

634 2997 803 3088 Deprorne
816 2991 1029 3087 quadrimum
1042 2993 1183 3081 Sabina,

683 3111 716 3177 Ο
728 3105 943 3194 Thaliarche,
955 3130 1085 3178 merum
1100 3106 1201 3177 diota.

587 3332 746 3402 Permitte
759 3330 855 3400 Divis
869 3342 1003 3416 oaetera3
1016 3330 1074 3424 qui
1089 3331 1187 3401 simui

586 3450 738 3517 Stravere
751 3458 868 3514 ventos
881 3469 1013 3540 aequore
1026 3444 1154 3516 fervido

634 3558 892 3654 Depraeliantes,
904 3583 966 3628 nec
980 3561 1145 3652 cupressi,

705 3675 776 3745 Nec
789 3688 915 3742 veteres
928 3673 1097 3767 agitantur
1111 3675 1195 3743 orni.

586 3902 678 3994 Quid
692 3904 736 3971 sit
748 3902 897 3973 futurum
911 3929 1001 3991 cras,
1015 3903 1092 3999 suge
1105 3928 1268 3997 quarem
1282 3921 1330 3993 et,

586 4021 696 4108 Quem
710 4018 778 4089 sors
792 4018 922 4089 dierum
936 4044 1077 4113 cumque
1091 4018 1200 4107 dabit,
1215 4018 1308 4091 lucro
1332 4048 1334 4055 ¹
