3325 5342
421 701 466 770 80

647 703 689 790 Q.
721 701 947 769 nonnru
980 700 1175 768 unicui

562 862 579 895 <r
595 837 632 901 ln
649 831 836 924 pulverem,
849 854 889 897 ex
903 853 970 922 quo
985 828 1134 898 destituit
1146 834 1236 899 Deos

563 976 579 1008 (ι
594 944 747 1013 Mercede
762 957 858 1036 pacta
872 942 1083 1026 Laomedon,
1098 942 1194 1010 mihi¹

611 1088 627 1122 α
642 1061 814 1151 Castaeque
829 1057 1023 1126 damnatum
1038 1057 1197 1125 Minervae

658 1200 676 1232 «
690 1172 777 1239 Cum
792 1168 917 1263 populo
931 1184 963 1237 ct
978 1169 1061 1238 duce
1073 1168 1293 1238 fraudulento.

563 1455 580 1487 a
594 1427 666 1493 lam
682 1448 741 1491 nec
755 1426 900 1491 Laraenae
915 1421 1065 1514 splendet
1079 1421 1236 1490 adulterae

564 1564 581 1598 a
596 1540 752 1603 Famosus
766 1533 903 1626 hospes,
917 1557 977 1601 nec
991 1534 1114 1601 Priami
1130 1533 1248 1602 domus

611 1675 627 1709 «
643 1646 778 1737 Perjura
793 1669 959 1738 pugnaces
974 1644 1118 1713 Achivos

658 1786 675 1820 α
689 1758 858 1826 Hectoreis
872 1758 992 1850 opibus
1008 1758 1176 1854 refringit,

561 2037 578 2070 «
593 2008 790 2099 Nostrisque
804 2008 941 2077 ductum
958 2007 1175 2077 seditionibus

561 2150 578 2183 «
593 2117 720 2188 Bellum
736 2119 865 2188 resedit
879 2121 1036 2188 Protinus
1049 2135 1082 2188 ct
1097 2146 1211 2213 graves

609 2261 625 2295 «
640 2236 729 2315 lras,
743 2246 775 2299 et
791 2233 935 2300 invisum
950 2247 1123 2324 nepotem,

656 2373 673 2406 ι(
687 2345 807 2413 Troica
820 2369 919 2438 quem
934 2346 1061 2438 peperit
1075 2345 1244 2432 sacerdos,

562 2618 578 2650 α
593 2589 693 2656 Marti
710 2588 888 2657 redonabo.
904 2587 1003 2657 Illum
1017 2615 1080 2683 ego
1095 2589 1237 2659 lucidas·

561 2730 578 2764 ι(
592 2702 681 2769 Inire
695 2700 805 2785 sedes,
820 2701 940 2770 ducere
955 2704 1095 2770 nectaris

610 2845 626 2878 «
640 2819 780 2900 Succos,
794 2830 825 2883 et
841 2816 983 2883 adscribi
999 2816 1119 2908 quietis

657 2957 674 2991 «
689 2928 873 2997 Ordinibus
889 2929 995 3021 patiar
1007 2931 1166 2996 Deorum.

517 3233 520 3244 ,
561 3195 577 3229 κ
591 3170 682 3235 Dum
698 3165 818 3261 longus
834 3168 920 3234 inter
935 3166 1043 3234 saeviat
1059 3165 1144 3234 Ilion

560 3309 577 3342 a
591 3282 798 3374 Romamque
813 3294 954 3373 pontus,
968 3278 1115 3372 qualibet
1129 3277 1255 3347 exsules

608 3422 625 3456 a
639 3396 678 3461 In
693 3408 786 3487 parte
802 3408 964 3486 regnanto
979 3393 1084 3476 beati3

655 3510 777 3575 «Dum
794 3507 916 3575 Priami
931 3506 1126 3599 Paridisque
1140 3507 1237 3576 busto

559 3777 575 3809 α
591 3747 730 3817 lnsultet
743 3765 950 3835 armentum,
963 3763 996 3817 et
1010 3749 1136 3818 catulos
1152 3749 1226 3819 ferae

558 3887 575 3921 ι(
590 3859 706 3929 Celent
721 3861 853 3948 inultae,
868 3878 931 3932 stet
945 3861 1148 3956 Capitolium
1164 3915 1169 3924 .

606 4001 623 4034 «
638 3974 798 4069 Fulgens,
812 3976 1091 4070 triumphatisque
1105 3977 1208 4069 possit

653 4090 791 4154 «Roma
808 4087 899 4158 ferox
915 4088 992 4156 dare
1004 4090 1079 4178 jura
1096 4088 1211 4157 Medis.
