3325 5342
597 570 815 639 sponou
847 572 1013 638 mosa.
1114 522 1116 525 โต
1233 577 1297 671 173

360 705 512 793 Aquosus
526 700 636 766 Eurus
648 722 728 766 arva
742 698 838 766 radat
852 699 1030 785 imbribus,

313 814 453 908 Pinguia
468 837 528 880 nec
542 812 637 880 siccis
649 827 791 880 urantur
803 814 931 881 semina
945 812 1067 908 glebis,

360 932 548 1020 Utrumque
563 950 639 1019 rege
654 940 859 1021 temperante
871 925 1028 997 coelitum.

313 1045 387 1112 Non
402 1041 468 1109 huc
480 1043 592 1134 Argoo
605 1039 777 1108 contendit
791 1041 916 1133 remige
929 1042 1046 1134 pinus,

360 1157 475 1248 Neque
489 1152 656 1247 impudica
668 1151 804 1223 Colchis
817 1153 930 1222 intulit
944 1155 1079 1247 pedem3

313 1271 388 1338 Non
402 1267 468 1335 huc
479 1268 609 1336 Sidonii
622 1282 791 1336 torserunt
804 1293 928 1337 cornua
944 1285 1068 1355 nautae,

360 1379 541 1448 Laboriosa
554 1404 615 1448 nec
627 1379 747 1448 cohors
760 1379 882 1449 Ulixei.

313 1492 412 1564 Nulla
425 1509 545 1562 nocent
557 1494 670 1588 pecori
683 1495 856 1587 contagia3
870 1493 994 1563 nullius
1007 1499 1087 1563 astri

359 1609 503 1700 Gregem
517 1621 657 1676 aestuosa
671 1621 776 1676 torret
789 1608 994 1701 impotentia.

310 1721 439 1814 Jupiter
452 1719 508 1789 illa
520 1723 584 1815 piae
596 1722 736 1792 secrevit
750 1721 850 1791 litora
864 1723 972 1816 genti,

359 1837 404 1903 Ut
418 1835 605 1927 inquinavit
617 1860 682 1904 oere
694 1850 826 1929 tempus
838 1859 995 1917 aureum,

311 1948 404 2014 AErea
419 1945 538 2015 dehinc
551 1947 640 2017 ferro
654 1947 788 2018 duravit
801 1947 937 2034 saecula,
950 1973 1092 2041 quorum

356 2060 424 2127 Piis
437 2061 598 2147 secunda,
611 2077 685 2130 vate
699 2087 773 2147 me,
786 2062 885 2131 datur
899 2061 986 2156 fuga

308 2312 1294 2335 mmmmmmmwmmm
1318 2316 1322 2323 ยน

623 2511 765 2598 ODE
807 2510 986 2596 XVII.

641 2765 701 2819 ao
726 2763 960 2818 cnrunuiu.

684 2994 909 3040 nonarius

399 3092 417 3157 J
422 3112 470 3157 nu
479 3141 489 3173 ,
498 3088 567 3180 jam
581 3084 709 3154 efficaci
723 3084 767 3152 do
780 3108 900 3152 manus
913 3083 1057 3151 scicntia

400 3201 563 3296 Supplex,
575 3216 609 3268 et
621 3225 684 3269 oro
699 3223 802 3294 regna
814 3223 875 3293 per
888 3199 1109 3291 Proserpinae,

402 3319 462 3384 Per
474 3331 506 3384 et
521 3317 639 3385 Dianae
653 3340 721 3385 non
735 3314 899 3383 movenda
915 3314 1070 3395 numina,

399 3430 462 3497 Per
473 3444 573 3522 atque
588 3427 692 3496 libros
705 3429 893 3497 carminum
907 3426 1087 3495 valentium

399 3540 513 3610 Refixa
526 3541 609 3611 coelo
623 3541 785 3610 devocare
798 3540 924 3623 sidera,

398 3654 556 3737 Canidia,
570 3680 669 3749 parce
682 3656 819 3724 vocibus
831 3654 965 3722 tandem
980 3653 1097 3733 sacris,

398 3769 577 3861 Citnmque
591 3784 681 3837 retro
694 3769 801 3851 solve,
814 3768 904 3837 solve
917 3760 1100 3834 turbinem!

398 3882 506 3948 Movit
520 3896 674 3973 nepotem
687 3882 853 3976 Telephus
868 3880 1042 3959 Nereium,

397 3994 435 4058 ln
451 4018 548 4086 quem
562 3996 725 4088 superbus
736 3995 910 4063 ordinarat
922 3992 1055 4083 agmina
