3325 5342
211 733 284 777 aar
378 710 686 780 SATIRARUM
717 709 875 777 LIBER
907 709 955 775 ΙΙ.
989 707 1019 775 8.
1120 708 1188 804 259

212 850 283 914 «Te
296 843 404 936 magis
417 839 577 934 appositis
592 837 748 924 delectat,
762 838 922 906 habemus
936 852 1122 932 utrumque.
1132 869 1149 903 »

593 974 806 1020 nonarius.

213 1070 354 1141 Divitias
368 1062 520 1135 miseras!
538 1065 602 1135 Sed
616 1066 691 1157 quis
705 1066 911 1134 coenantibus
925 1091 1009 1152 uua,

212 1189 238 1253 F
239 1183 384 1266 uudani,
398 1179 536 1275 pulchre
551 1178 651 1248 fuera
665 1178 745 1264 tibi,
758 1203 853 1247 nosse
868 1177 992 1249 laboro.

582 1316 825 1362 ruuuaurus.

213 1412 371 1478 Summus
385 1430 467 1499 ego,
479 1420 513 1473 et
526 1428 631 1498 prope
645 1429 698 1472 me
710 1404 830 1473 Viscus
843 1404 1030 1491 Thurinus,
1042 1420 1075 1474 ct
1091 1407 1193 1493 iufra,

214 1522 248 1591 Si
264 1518 418 1603 memini,
431 1518 571 1603 Varius;
584 1541 661 1585 curn
675 1514 814 1585 Servilio
828 1516 1003 1587 Balatrone

214 1633 387 1719 Vibidius,
401 1657 485 1726 quos
499 1634 663 1702 Maecenas
677 1629 859 1699 adduxerat
873 1633 1015 1702 umbras.

212 1751 441 1820 Nomentanus
454 1761 526 1816 erat
539 1771 640 1840 super
653 1745 781 1839 ipsum,
794 1746 932 1814 Porcius
946 1747 1049 1831 infra,

213 1857 386 1929 Ridiculus
400 1873 485 1927 totas
501 1858 600 1927 simul
615 1857 793 1927 absorbere
807 1855 982 1949 placentas.

212 1976 441 2043 Nomentanus
454 1970 497 2041 ad
512 1972 594 2056 boc,
608 1971 684 2064 qui,
697 1972 724 2038 si
738 1969 821 2064 quid
835 1971 921 2039 forte
936 1968 1068 2057 lateret,

214 2086 327 2156 Indice
340 2099 540 2155 monstraret
555 2084 671 2179 digito.
685 2087 772 2156 Nam
786 2099 903 2153 caetera
916 2086 1033 2172 turba,

213 2201 302 2284 Nos,
316 2198 471 2291 inquam,
486 2222 654 2265 coenamus
669 2221 763 2282 aves,
776 2196 966 2291 conchylia,
979 2199 1100 2292 pisces,

214 2315 331 2406 Longe
346 2309 541 2379 dissimilem
555 2325 635 2378 noto
648 2310 789 2379 celantia
802 2334 955 2397 succum3

214 2428 261 2494 Ut
275 2422 326 2491 vel
341 2424 502 2492 continuo
516 2424 643 2517 patuit,
656 2448 760 2517 quum
775 2425 914 2517 passeris
927 2439 1026 2519 atque

214 2541 386 2632 ingustata
399 2536 481 2605 mihi
498 2539 682 2630 porrexerit
697 2536 752 2605 ilia
767 2538 909 2607 rhombi.

214 2654 293 2720 Post
306 2651 370 2719 hoc
383 2675 436 2735 me
450 2650 581 2737 docuit,
595 2649 761 2720 melimela
775 2652 912 2737 rubere,
925 2652 1088 2720 minorem

214 2764 268 2835 Ad
282 2764 395 2833 lunam
410 2763 545 2833 delecta.
560 2764 652 2852 Quid
667 2765 730 2833 hoc
745 2765 893 2850 intersit,
906 2766 1035 2860 abuipso

216 2877 369 2948 Audieris
382 2876 508 2947 melius.
524 2882 610 2947 Tum
623 2877 780 2946 Vibidius
794 2878 981 2947 Balatroni:

218 3020 235 3055 a
245 2994 334 3076 Nos,
347 2992 411 3060 nisi
424 2991 581 3061 damnose
595 2991 758 3076 bibimus,
774 2992 955 3061 moriemur
968 2991 1108 3077 inulti3»

219 3107 262 3173 Et
274 3102 392 3173 calices
405 3106 511 3198 poscit
524 3105 674 3197 majores.
689 3108 827 3173 Vertere
841 3104 950 3199 pallor

219 3222 304 3286 Tum
320 3218 457 3311 parochi
471 3218 608 3305 faciem,
620 3218 668 3287 nil
684 3220 731 3287 sic
746 3221 941 3304 metuentis,
954 3234 992 3288 ut
1006 3242 1096 3286 acres

220 3334 375 3416 Potores3
390 3330 440 3400 vel
454 3331 545 3424 quod
558 3332 760 3401 maledicunt
774 3332 927 3416 liberius,
941 3331 991 3400 vel

221 3443 363 3514 Fervida
377 3445 468 3537 quod
481 3444 603 3515 subtile
616 3446 796 3517 exsurdant
809 3448 886 3515 vina
900 3445 1056 3540 palatum.

222 3563 396 3627 Invertunt
408 3557 561 3629 Allifanis
574 3560 702 3630 vinaria
715 3575 786 3630 tota

222 3671 377 3740 Vibidius
390 3671 606 3768 Balatroque,
620 3673 740 3744 secutis
754 3674 927 3759 omnibus3
941 3673 998 3741 imi

224 3783 379 3853 Convivae
394 3782 468 3854 lecti
481 3784 624 3855 nihilum
640 3811 783 3857 nocuere
796 3785 931 3880 lagenis.

271 3896 417 3967 Affertur
431 3897 568 3994 squillas
582 3902 670 3970 inter
681 3925 828 3970 muraena
842 3912 992 3968 natantes

225 4005 1203 4105 lnpatinaporreeta.SubhocherusmHaecgravida,iuquit‚

225 4124 358 4216 «Capta
372 4140 439 4209 est,
452 4125 597 4196 deterior
609 4141 684 4219 post
698 4141 830 4220 partum
844 4148 942 4195 carue
956 4122 1076 4192 futura.

1059 4258 1099 4303 17·
