3325 5342
415 580 708 648 CARMINUM
738 580 895 645 LIBER
926 580 998 645 Ill.
1131 581 1196 650 103
1336 633 1338 638 ι

361 711 498 797 Quanto
512 708 652 800 quisque
666 707 727 775 sihi
741 705 837 800 plura
851 708 1033 802 negaverit,

364 820 417 888 Ab
431 819 493 887 Dis
507 816 604 912 plura
618 817 708 886 feret.
722 816 778 888 Nil
793 820 994 912 cupientium

361 933 479 1003 Nudus
493 946 599 1001 castra
612 946 708 1024 peto,
721 945 754 999 et
768 931 939 1025 transfuga
953 932 1091 1000 divitum

458 1048 570 1113 Partes
584 1041 733 1136 linquere
747 1045 870 1136 gestio,

360 1296 565 1385 Contemptae
578 1291 732 1359 dominus
747 1290 952 1383 splendidior
967 1295 1031 1378 rei,

360 1408 468 1494 Quam
482 1407 528 1490 si,
541 1403 706 1498 quidquid
719 1417 791 1471 arat
806 1405 948 1497 impiger
961 1407 1128 1502 Appulus,

358 1517 530 1598 Occultare
544 1517 627 1586 meis
641 1515 767 1585 dicerer
780 1515 927 1603 horreis,

453 1635 593 1725 Magnas
606 1631 695 1699 inter
708 1655 787 1724 opes
802 1630 908 1723 inops.

238 1883 242 1890 ’
358 1885 450 1950 Purae
465 1882 555 1951 rivus
568 1906 679 1976 aquae,
692 1873 840 1975 silvaque
849 1881 1005 1976 jugerum

359 1997 559 2081 Paucorum,
572 2009 605 2063 et
621 1994 741 2094 segetis
754 2010 846 2063 certa
860 1994 941 2063 fides
956 2019 1051 2080 meae,

359 2105 549 2201 Fulgentem
565 2108 705 2201 imperio
724 2106 843 2177 fertilis
857 2108 976 2177 Africae
1114 2149 1115 2152 κ

453 2218 551 2289 Fallit
565 2235 653 2289 sorte
666 2222 803 2289 beatior.

360 2470 571 2561 Quamquam
585 2494 645 2538 nec
659 2468 807 2539 Calabrae
822 2468 920 2538 mella
934 2469 1043 2538 serunt
1056 2463 1149 2564 apes,

358 2584 428 2652 Nec
441 2583 658 2678 Iraestrigonia
671 2583 816 2652 Bacchus
831 2584 866 2651 in
880 2582 1040 2678 amphora

359 2696 558 2789 languescit
571 2695 671 2782 milri,
685 2719 745 2764 nec
757 2696 896 2791 pinguia
910 2694 1047 2765 Gallicis

452 2811 615 2877 Crescunt
630 2807 751 2877 vellera
764 2810 911 2903 pascuis3

353 3054 548 3143 Importuna
561 3065 672 3119 tamen
688 3052 862 3143 pauperies
876 3052 985 3136 abest,

357 3165 443 3250 Nec,
456 3165 483 3232 si
497 3162 592 3257 plura
604 3163 723 3251 velim,
736 3178 774 3233 tu
789 3164 869 3234 dare
885 3165 1034 3259 deneges.

358 3278 536 3346 Contraeto
549 3275 666 3347 melius
679 3302 781 3371 parva
796 3277 952 3373 cupidine

452 3389 632 3485 Vectigalia
647 3392 835 3487 porrigam,

358 3632 466 3719 Quam
480 3633 505 3699 si
520 3632 711 3726 Mygdoniis
726 3657 865 3725 regnum
880 3631 1022 3724 Alyattei

356 3745 490 3838 Campis
503 3746 704 3814 continuem.
719 3744 828 3815 Multa
842 3745 1030 3839 petentibus

356 3859 483 3925 Desunt
497 3857 610 3927 multa.
624 3861 712 3927 Bene
725 3871 791 3943 est,
804 3857 859 3926 cui
872 3861 963 3927 Deus
977 3852 1098 3924 obtulit

450 3972 568 4055 Parca,
581 3968 671 4062 quod
685 3970 763 4038 satis
776 3982 843 4054 est,
857 3992 966 4036 manu.
