3325 5342
454 684 522 726 ‘m
682 660 724 744 Q.
755 655 977 724 HORATII
1010 656 1206 723 FLACCI
1360 677 1383 705 ν.
1406 663 1443 707 oo

819 806 1067 852 rannerius

1114 918 1147 984 Ο
1161 938 1258 1009 puer,
1271 931 1309 984 ut
1323 919 1368 985 sis

457 1030 576 1100 Vitalis
590 1043 720 1113 metuo,
732 1041 766 1096 et
779 1027 943 1120 majorum
959 1051 1000 1095 ne
1014 1027 1089 1120 quis
1103 1028 1229 1097 amicus

456 1145 593 1237 Frigore
606 1157 639 1212 te
652 1142 757 1211 feriat

833 1305 1062 1351 HORATIU&

781 1428 897 1517 Quid?
910 1454 1013 1523 quum
1029 1443 1078 1498 est
1092 1428 1242 1499 Lucilius
1255 1455 1353 1499 ausus

457 1545 589 1617 Primus
604 1545 637 1611 in
653 1542 742 1612 hunc
756 1543 866 1637 operis
880 1568 1080 1637 componere
1093 1544 1240 1614 carmina
1254 1569 1398 1630 morem,

458 1656 642 1726 Detrahere
655 1671 688 1725 et
702 1654 840 1749 pellem,
854 1656 979 1726 nitidus
993 1682 1059 1749 qua
1074 1658 1213 1751 quisque
1227 1683 1356 1750 perora

459 1770 617 1856 Cederet,
631 1771 814 1839 introrsum
827 1772 954 1864 turpis;
969 1796 1050 1840 num
1064 1770 1203 1858 Laelius,
1216 1787 1249 1840 et
1262 1775 1320 1866 qui

459 1885 565 1954 Duxit
578 1884 620 1952 ab
634 1908 790 1978 oppressa
805 1884 961 1952 meritum
977 1886 1180 1979 Carthagine
1195 1911 1332 1969 nomen,

459 1999 599 2092 Ingenio
613 1996 754 2066 offensi?
767 2002 835 2066 Aut
849 1996 924 2067 laeso
939 1997 1074 2068 doluere
1087 1999 1240 2086 Metello,

460 2112 672 2205 Famosisque
686 2115 782 2205 Lupo
796 2128 954 2206 cooperto
969 2138 1008 2185 ve
1044 2112 1139 2182 ibus?
1153 2116 1255 2208 Atqui

460 2225 626 2294 Primores
641 2224 756 2319 populi
770 2227 930 2320 arripuit,
944 2252 988 2321 po
1073 2252 1172 2320 mque
1186 2229 1355 2313 tributim,

458 2336 590 2408 Scilicet
603 2340 662 2408 uni
676 2364 789 2433 aequus
802 2340 917 2408 virtuti
932 2355 1031 2434 atque
1045 2342 1116 2434 ejus
1129 2342 1254 2412 amicis.

458 2453 552 2541 Quin
568 2453 626 2520 ubi
641 2478 674 2522 se
688 2475 707 2520 a
720 2450 821 2547 vulgo
829 2468 869 2535 „et
882 2478 979 2523 scena
994 2457 1027 2522 in
1043 2471 1167 2525 secreta
1181 2470 1350 2524 remorant

460 2565 577 2635 Virtus
590 2565 751 2659 Scipiadae
764 2582 797 2635 et
811 2568 902 2636 mitis
916 2569 1077 2662 sapientia
1091 2568 1191 2656 Laeli3

461 2680 589 2772 Nugari
603 2704 680 2748 cum
695 2678 753 2748 illo
766 2694 800 2749 et
814 2680 967 2750 discincti
982 2681 1115 2770 ludere,
1129 2682 1234 2752 donec

462 2794 712 2887 Decoqueretur
725 2792 815 2880 olus,
824 2793 922 2865 soliti.
933 2796 1108 2890 Quidquid
1119 2821 1193 2865 surn
1207 2820 1285 2890 ego,
1294 2796 1444 2889 quamvis

462 2905 554 2975 Infra
568 2904 677 2975 Lucili
691 2931 826 2976 censum
842 2909 1097 3003 ingeniumque,
1110 2923 1220 2978 tamen
1235 2935 1288 2978 me

462 3022 550 3089 Cum
565 3020 694 3115 magnis
707 3020 826 3090 vixisse
842 3021 945 3091 invita
959 3023 1116 3092 fatebitur
1129 3047 1234 3117 usque
1257 3089 1262 3097 ,

462 3132 611 3219 Invidia,
624 3147 657 3202 et
671 3132 782 3228 fragili
797 3160 948 3227 quaerens
963 3134 1089 3205 illidere
1104 3136 1254 3223 dentem,

462 3244 620 3316 Offendet
633 3244 749 3316 solido.
764 3248 838 3317 Nisi
853 3247 935 3341 quid
950 3265 1004 3336 tu,
1018 3249 1113 3318 docte
1125 3251 1276 3335 Trebati,

462 3360 635 3428 Dissentis.
823 3361 827 3370 ’

829 3499 1078 3546 Tuuuattus

655 3623 819 3716 Equidem
833 3622 916 3692 nihil
930 3624 1010 3693 hinc
1025 3625 1200 3720 diffingere
1214 3647 1355 3719 possum.

464 3731 528 3800 Sed
542 3747 670 3820 tamen,
683 3751 720 3805 ut
734 3738 881 3807 monitus
895 3763 1026 3824 caveas,
1040 3765 1082 3808 ne
1096 3739 1180 3809 sorte
1195 3739 1305 3834 negoti

465 3844 608 3915 Incutiat
620 3848 682 3916 tibi
697 3851 779 3942 quid
793 3867 983 3921 sanctarum
998 3853 1128 3923 inscitia
1142 3853 1269 3948 legum,
1370 3890 1371 3893 ¹

464 3957 498 4024 Si
514 3957 600 4028 male
613 3961 799 4032 oondiderit
814 3967 849 4034 in
862 3992 960 4058 quern
976 3968 1050 4060 quis
1064 3968 1229 4051 carmina,
1239 3967 1294 4057 jus
1307 3978 1354 4031 est

464 4068 703 4165 ludiciurnque.
