3325 5342
509 649 578 723 226
734 652 776 736 Q.
809 646 1033 714 nonaum
1065 646 1261 714 nancel
1413 657 1523 700 aa,

453 830 458 837 ·
506 782 613 868 Alter,
626 781 684 848 ubi
699 779 788 848 dicto
801 777 901 845 citius
914 788 1028 844 curata
1042 776 1154 868 sopori

506 895 656 966 Membra
671 892 780 978 dedit,
793 904 928 985 vegetus
942 890 1132 983 prescripta
1147 890 1190 959 ad
1204 892 1317 960 munia
1332 897 1450 989 surgit

506 1011 570 1078 Hic
581 1023 691 1077 tamen
705 1005 749 1074 ad
763 1003 882 1075 melius
895 1005 1018 1098 poterit
1032 1017 1257 1074 transcurrere
1270 1008 1456 1100 quondam,

505 1124 581 1192 Sive
595 1122 683 1191 diem
698 1119 817 1189 festum
834 1118 963 1187 rediens
977 1117 1145 1186 advexerit
1157 1144 1283 1205 annus3

505 1239 570 1305 Seu
585 1257 732 1303 recreare
745 1230 834 1302 volet
847 1244 1018 1301 tenuatum
1032 1255 1171 1325 corpus;
1183 1232 1306 1327 ubique

504 1348 670 1418 Accedent
682 1348 780 1432 anni,
793 1360 827 1414 et
840 1347 974 1414 tractari
990 1343 1122 1414 mollius
1135 1360 1213 1414 actas

507 1460 676 1532 Imbecilla
689 1458 785 1530 volet
800 1459 877 1529 Tibi
891 1458 1051 1553 quidnam
1067 1459 1199 1528 accedet
1211 1459 1254 1528 ad
1269 1461 1382 1557 istam,

507 1577 617 1666 Quam
633 1599 716 1669 puer
728 1589 762 1643 et
776 1571 906 1645 validus
920 1574 1109 1667 praesumis,
1121 1572 1313 1660 mollitiem,
1327 1598 1382 1641 seu

506 1691 601 1757 Dura
615 1687 768 1756 valetudo
783 1686 955 1773 inciderit,
969 1711 1027 1756 scu
1040 1686 1135 1757 tarda
1146 1686 1316 1757 senectus?

507 1802 693 1870 Rancidum
707 1825 826 1894 aprum
841 1800 969 1893 antiqui
985 1799 1181 1887 laudabant,
1194 1826 1261 1869 non
1275 1803 1354 1895 quia
1367 1822 1464 1867 nasus

506 1912 576 1982 Illis
590 1913 701 1982 nullus
714 1928 803 1998 erat,
816 1912 892 2000 sed,
905 1915 1024 2000 credo,
1036 1914 1098 1983 hac
1112 1928 1238 2000 mente,
1251 1914 1341 2008 quod
1354 1913 1470 2006 hospes

504 2026 646 2097 Tardius
659 2026 838 2096 adveniens
851 2027 1004 2096 vitiatum
1020 2027 1244 2113 commodius,
1258 2053 1356 2121 quam

506 2144 677 2233 Integrum
690 2139 773 2209 edax
785 2140 941 2210 dominus
952 2156 1168 2211 consumeret
1179 2144 1249 2210 Hos
1259 2142 1385 2210 utinam
1399 2142 1482 2208 inter

505 2256 630 2322 Heroas
643 2268 759 2322 natum
774 2252 872 2323 tellus
887 2279 940 2324 me
954 2256 1062 2349 prima
1076 2252 1220 2323 tulisset!

505 2370 575 2436 Das
588 2365 715 2460 aliquid
728 2367 842 2454 famae,
855 2393 929 2462 quae
942 2369 1090 2437 carmine
1104 2369 1231 2463 gratior
1244 2392 1356 2437 aurem

505 2484 655 2573 Occupat
668 2481 871 2551 humanam?
885 2480 1038 2551 Grandes
1052 2481 1181 2549 rhombi
1196 2482 1378 2575 patinaeque

504 2593 641 2662 Grande
654 2592 765 2663 ferunt
779 2618 846 2663 una
859 2618 936 2662 cum
951 2593 1073 2662 murno
1087 2593 1247 2678 dedecus3
1260 2591 1344 2661 adde

505 2708 629 2774 Iratum
645 2720 819 2800 patruum,
833 2706 978 2791 viciuos,
991 2720 1023 2775 te
1038 2706 1099 2773 tibi
1114 2706 1286 2799 iniquum,

504 2821 546 2887 Et
559 2819 681 2888 frustra
695 2820 812 2888 mortis
824 2819 1002 2912 cupidum,
1014 2843 1118 2913 quum
1131 2817 1237 2887 deerit
1250 2819 1360 2912 egenti

506 2935 569 3019 As,
584 2931 693 3026 laquei
708 2933 862 3026 pretium.
875 2936 971 3018 lure,
986 2932 1112 3026 inquit,
1125 2932 1282 3002 Trausius
1297 2931 1367 2999 istis

503 3051 662 3142 Jurgatur
675 3036 802 3133 verbid³3
814 3071 877 3141 ego
892 3044 1065 3141 vectigalia
1080 3070 1217 3140 magna,

505 3160 713 3253 Divitiasque
726 3159 834 3229 habeo
848 3159 955 3227 tribus
970 3158 1252 3253 amplasregihus.
1267 3198 1315 3209 —
1328 3160 1416 3251 Ergo

503 3273 602 3361 Quod
617 3287 766 3367 superat,
779 3297 848 3341 non
863 3287 912 3341 est
926 3271 1044 3341 melius
1058 3296 1126 3366 quo
1141 3273 1305 3340 insumere
1319 3269 1447 3364 possis?

503 3389 573 3454 Cur
585 3402 659 3480 eget
672 3387 829 3480 indignus
844 3386 1037 3479 quisquam,
1051 3401 1085 3455 te
1098 3384 1221 3455 divite?
1235 3386 1349 3472 Quare

500 3498 636 3593 Templa
651 3514 752 3568 ruunt
765 3500 903 3593 antiqua
916 3498 1049 3568 Deum?
1063 3501 1148 3585 Cur,
1164 3498 1331 3592 improbe,
1344 3520 1427 3566 carae

500 3615 576 3683 Non
589 3614 716 3708 aliquid
730 3616 845 3708 patriae
858 3628 952 3683 tanto
965 3615 1111 3684 emetiris
1125 3613 1266 3684 acervo?

500 3729 567 3796 Uni
582 3729 740 3798 nimirum
755 3744 842 3798 recte
855 3729 917 3798 tibi
932 3754 1060 3824 semper
1074 3743 1173 3799 erunt
1188 3728 1261 3798 res?

498 3844 530 3909 Ο
543 3865 684 3934 magnus
698 3842 836 3934 posthac
849 3842 993 3912 inimicis
1008 3840 1109 3912 risus!
1125 3845 1251 3912 Uterne
1282 3902 1285 3907 .

498 3951 549 4021 Ad
561 3977 655 4024 casus
669 3954 786 4025 dubios
801 3956 881 4025 fidet
895 3957 958 4026 sibi
972 3956 1117 4027 certius?
1129 3958 1211 4044 Hic,
1224 3956 1282 4049 qui

498 4060 651 4134 Pluribus
664 4070 802 4138 assuerit
816 4084 960 4169 mentem
974 4096 1159 4166 corpusque
1173 4067 1375 4164 superbum?
