3325 5342
448 644 511 715 192
670 620 712 707 Q.
744 617 968 686 HORATII
1000 616 1224 685 Futccl·
1345 638 1369 669 v·
1388 633 1424 686 ts

442 751 577 820 Parcius
591 749 646 818 hic
659 746 762 815 vivit?
775 745 863 838 frugi
878 743 1015 814 dicutur.
1029 748 1165 839 lneptus

442 867 484 934 Et
494 863 672 957 jactantior
684 860 739 929 hic
752 857 853 953 paulo
865 857 936 928 est?
947 858 1130 927 concinnus
1143 861 1258 930 amicis

442 975 591 1049 Postulat
604 991 640 1044 ut
657 972 814 1042 videatur.
831 975 876 1041 At
889 986 939 1041 est
952 969 1186 1059 truculentior,
1199 989 1297 1068 atque

442 1091 521 1161 Plus
534 1114 628 1183 aequo
642 1087 747 1157 liber?
760 1085 900 1180 simplex
914 1086 1074 1180 fortisque
1088 1085 1256 1156 habeatur.

443 1203 579 1274 Caldior
591 1200 663 1272 est?
676 1225 767 1270 acres
781 1201 869 1270 inter
882 1214 1082 1269 numeretur.
1097 1201 1243 1293 Opinor,

442 1320 520 1386 Haec
534 1341 585 1385 res
598 1330 632 1384 et
641 1314 916 1409 jungit‚junctos
929 1328 962 1381 et
976 1327 1083 1381 servat
1096 1314 1228 1382 amicos.

442 1434 486 1500 At
500 1455 560 1500 nos
574 1430 711 1499 virtutes
725 1429 812 1522 ip‘sss
825 1427 1037 1513 invertimus,
1049 1442 1148 1520 atque

443 1546 614 1614 Sinoerum
628 1544 779 1637 cupimus
793 1567 850 1611 vas
864 1543 1055 1611 incrustare.
1069 1540 1196 1611 Probus
1209 1544 1283 1635 quis

444 1658 624 1729 Nobiscum
639 1654 742 1724 vivit?
755 1655 898 1725 multum
912 1656 1072 1725 demissus
1086 1656 1204 1743 bomo;
1217 1654 1265 1725 illi

443 1770 572 1857 Tarde,
585 1794 767 1864 cognomen
784 1770 901 1864 pingui
917 1769 1043 1838 damus.
1057 1769 1120 1838 Hic
1134 1769 1219 1863 fugit
1231 1793 1344 1838 omnes

444 1882 603 1968 Insidias,
616 1881 765 1976 nullique
777 1881 866 1950 malo
880 1880 966 1950 latus
978 1881 1073 1951 obdit
1085 1881 1258 1976 apertum?

445 1997 559 2084 Quum
574 2020 678 2089 genus
691 1994 755 2064 hoc
770 1996 857 2064 inter
869 1996 944 2064 vitae
958 2009 1119 2082 versetur,
1132 1995 1190 2064 ubi
1203 1996 1287 2064 acris

445 2109 592 2194 invidia,
605 2122 704 2202 atque
718 2109 830 2202 vigent
844 2109 901 2177 ubi
915 2110 1073 2195 erimina,
1087 2134 1148 2202 pro
1162 2109 1245 2177 bene
1259 2133 1339 2176 sano

421 2236 425 2245 ⁴
445 2224 495 2292 Ac
508 2247 575 2291 non
592 2223 743 2308 incauto,
757 2221 872 2291 fictum
886 2237 1098 2316 astutumque
1111 2246 1274 2291 vocemus.

444 2335 634 2430 Simplicior
645 2337 737 2430 quis,
750 2351 783 2405 et
796 2352 864 2423 est,
876 2335 1007 2430 qualem
1023 2361 1075 2405 me
1090 2361 1173 2429 saepe
1185 2336 1325 2405 libenter

446 2448 633 2519 Obtulerim
646 2449 725 2536 tibi,
739 2453 919 2533 Maecenus,
932 2465 969 2517 ut
984 2449 1068 2518 lorte
1082 2449 1244 2543 legentem

447 2563 514 2629 Aut
529 2561 664 2629 tacitum
679 2560 826 2655 impellat
839 2563 957 2656 quovis
971 2560 1143 2631 sermone?
1155 2590 1172 2625 «
1186 2555 1360 2631 Molestus!

446 2701 464 2737 <r
478 2676 656 2744 Communi
670 2700 767 2744 sensu
781 2675 880 2770 plane
893 2691 1000 2763 caret,
1014 2706 1031 2741 s
1046 2676 1222 2770 inquimus.
1238 2675 1347 2759 Eheu,
1374 2660 1381 2672 ’

447 2790 556 2876 Quem
571 2802 694 2857 temere
708 2789 740 2857 in
756 2804 886 2859 nosmet
900 2788 1005 2884 legem
1021 2791 1184 2859 sancimus
1199 2785 1361 2882 iniquam!

445 2903 531 2971 Nam
547 2901 635 2977 vitiis
648 2926 745 2970 nemo
759 2903 829 2971 sine
843 2903 1008 2988 uescitur3
1021 2903 1166 2996 optimus
1180 2901 1235 2971 ille
1248 2915 1314 2986 est,

384 3056 386 3059 -
447 3014 514 3101 Qui
530 3014 676 3083 minimis
689 3029 837 3108 urgetur.
853 3014 988 3084 Amicus
1002 3013 1125 3101 dulcis,
1139 3030 1176 3083 ut
1189 3038 1318 3107 aequum
1331 3027 1397 3095 est,

447 3128 561 3214 Quum
575 3151 648 3195 mea
661 3141 851 3221 compenset
866 3127 953 3196 vitiis
967 3127 1073 3214 bona,
1085 3125 1235 3220 pluribus
1250 3126 1355 3211 bisne,

446 3239 480 3307 Si
497 3238 596 3308 modo
611 3238 707 3333 plura
721 3240 803 3308 mihi
816 3241 905 3310 bone
921 3255 1016 3326 sunt,
1030 3238 1183 3326 inclinet;
1196 3241 1297 3308 amari

446 3350 481 3419 Si
496 3350 582 3420 volet
596 3352 657 3421 bac
672 3352 760 3447 lege,
775 3354 808 3420 in
823 3354 949 3421 trutina
963 3368 1105 3447 ponetur
1118 3352 1240 3421 eadem.

448 3465 534 3552 Qui,
549 3492 590 3535 ne
604 3466 774 3537 tuberibus
788 3468 932 3561 propriis
944 3468 1093 3538 offendat
1106 3468 1267 3551 amicum,

448 3578 613 3664 Postulat,
627 3580 774 3674 ignoscet
788 3582 933 3650 verrucis
949 3580 1045 3651 illius.
1061 3584 1204 3675 AEquum
1218 3594 1266 3649 est

449 3693 593 3761 Peccatis
607 3694 735 3763 veniam
751 3711 939 3789 poscentem
955 3695 1090 3765 reddere
1104 3720 1226 3764 rursus.

449 3806 619 3898 Denique,
632 3822 795 3900 quatenus
807 3810 913 3879 excidi
929 3811 1059 3904 penitus
1075 3810 1191 3879 vitium
1206 3809 1278 3893 irae,

450 3920 575 3986 Cretera
590 3919 668 3988 item
683 3936 852 4014 nequeunt
866 3921 974 3991 stultis
989 3923 1162 4009 haerentia,
1175 3947 1234 3990 cur
1246 3944 1314 3987 non

451 4028 654 4099 Ponderibus
669 4030 876 4126 modulisque
890 4035 957 4103 suis
971 4034 1055 4103 ratio
1070 4032 1197 4103 utitur?
1209 4057 1265 4116 ac,
1278 4055 1328 4098 res
1340 4110 1343 4119 ¹
