3325 5342
360 668 364 678 ’
433 720 479 790 ur

661 719 956 808 Q.uouiru
990 720 1184 787 rurocr

576 852 717 922 Milesne
731 852 843 921 Crassi
858 850 999 943 conjuge
1013 849 1154 917 barbara

576 967 697 1058 Turpis
712 965 850 1032 maritus
865 960 968 1029 vixit?
981 976 1014 1030 et
1028 961 1191 1044 hostium,

625 1077 713 1146 Proh
728 1078 820 1145 curia
835 1077 1021 1169 inversique
1035 1073 1159 1144 mores!

575 1259 581 1270 ,
674 1192 857 1260 Οοιιεειιυίῑ
872 1214 1060 1260 socerorum
1076 1191 1109 1258 iu
1124 1192 1243 1270 armis,

578 1444 647 1512 Sub
662 1466 738 1537 rege
751 1440 869 1526 Medo,
882 1442 1013 1510 Marsus
1027 1453 1059 1507 et
1074 1440 1243 1534 Appulus,

581 1555 807 1640 Arelliorum,
820 1568 854 1622 et
866 1553 1030 1639 nominis,
1043 1568 1076 1621 et
1091 1568 1175 1647 togae

627 1667 777 1754 Oblitus,
792 1682 985 1760 aeternaeque
999 1669 1124 1751 Vestae,

650 1801 652 1810 ¹
675 1779 839 1848 Incolumi
853 1784 933 1848 Jove
945 1795 978 1849 et
992 1780 1074 1848 urbe
1090 1778 1211 1849 Romal

580 2036 651 2100 Hoc
664 2047 793 2101 caverat
808 2058 901 2101 meus
916 2034 1053 2126 provida
1068 2032 1205 2127 Reguli,

581 2147 813 2214 Dissentieutis
827 2147 1075 2215 conditionibus

629 2258 753 2342 Foedis,
768 2274 801 2327 et
814 2259 965 2353 exemplo
979 2261 1140 2329 trahentis

677 2373 861 2441 Pemiuiem
875 2376 1009 2442 veniens
1024 2376 1057 2441 iu
1072 2399 1196 2456 aevum,

581 2625 616 2692 Si
631 2649 697 2691 non
713 2626 836 2716 periret
850 2626 1095 2695 immiserabilis

582 2739 721 2830 Captiva
736 2738 849 2831 puber.
865 2768 882 2802 α
896 2739 999 2833 Signa
1013 2765 1075 2834 ego
1091 2741 1225 2809 Punicis

629 2880 646 2913 (ι
663 2851 772 2920 Affixa
786 2851 951 2937 delubris,
962 2868 997 2920 et
1009 2878 1103 2921 arma

677 2992 694 3028 u
708 2963 874 3034 Militibus
888 2966 960 3033 sine.
973 2966 1078 3052 caede,
1092 2966 1192 3050 dixit,

582 3243 599 3276 «
614 3214 753 3306 Direpta
768 3213 855 3298 vidi3
870 3215 937 3281 vidi
953 3239 1014 3308 ego
1028 3215 1150 3283 civium

582 3356 598 3388 α
614 3330 751 3395 Retorta
766 3341 860 3420 tergo
875 3326 1010 3395 brachia
1028 3325 1151 3411 libero,

629 3470 646 3502 «
661 3443 843 3533 Portasque
858 3465 925 3507 nou
941 3439 1085 3526 clausas,
1098 3455 1131 3508 et
1145 3465 1222 3509 arva

677 3582 694 3616 «
709 3556 817 3621 Marte
831 3552 895 3621 coli
912 3553 1068 3647 populata
1084 3570 1206 3623 nostro.

583 3827 599 3860 (ι
616 3800 707 3866 Auru
724 3822 880 3890 repensus
895 3797 1020 3866 scilicet
1034 3800 1143 3867 acrior

584 3940 600 3972 ι(
615 3909 712 3980 Miles
727 3912 870 3980 redibit?
884 3911 1027 4006 Flagitio
1040 3913 1162 3982 additis

632 4052 648 4085 ι(
663 4027 843 4094 Damnum.
858 4028 974 4121 Neque
988 4027 1125 4096 amissos
1140 4027 1265 4096 colores

679 4167 696 4198 «ι
711 4141 802 4205 Lana
818 4137 917 4205 refert
932 4140 1093 4209 medicata
1105 4141 1202 4226 fuco3
