3325 5342
453 699 522 743 nno
679 677 721 764 Q
752 677 978 745 HORATII
1010 676 1205 744 FLACGI
1377 690 1441 734 ns

451 808 659 872 Transnanto
672 805 838 890 Tiberim,
851 831 968 874 somno
981 804 1103 899 quibus
1116 819 1166 874 est
1180 832 1263 900 opus
1277 808 1365 898 alto,

451 918 684 1011 lrriguumque
698 943 789 986 mero
804 919 865 987 sub
879 934 1009 987 noctem
1024 944 1145 1012 corpus
1159 920 1312 991 habento.

450 1033 536 1116 Aut,
549 1031 576 1098 si
589 1045 701 1099 tantus
713 1055 808 1099 amor
821 1032 986 1102 scribendi
1001 1047 1034 1100 te
1048 1033 1153 1126 rapit,
1166 1035 1251 1103 aude

448 1143 587 1211 Caesaris
601 1140 714 1211 invicti
729 1169 782 1212 res
795 1144 922 1229 dicere,
935 1145 1042 1215 multa
1055 1144 1206 1215 laborum

448 1256 585 1323 Praemia
600 1255 736 1325 laturus.

824 1395 849 1440 n
858 1395 1052 1442 onar1us.

749 1484 940 1576 Cupidum,
952 1501 1047 1579 pater
1060 1487 1203 1580 optime,
1217 1487 1302 1555 vires

444 1590 631 1679 Deficiunt3
647 1619 753 1688 neque
770 1598 860 1665 enim
875 1599 984 1690 quivis
997 1599 1168 1668 horrentia
1183 1597 1259 1692 pilis

444 1706 606 1797 Agmina,
620 1732 679 1775 nec
693 1708 797 1777 fracta
811 1705 1136 1807 pereuntes'cuspidc
1149 1712 1282 1799 Gallos,

443 1820 511 1885 Aut
525 1817 665 1888 labentis
679 1846 765 1914 equo
779 1823 945 1894 describat
958 1824 1097 1895 vulnera
1109 1827 1233 1896 Parthi.

810 1961 1060 2010 nuenarius.

441 2048 597 2114 Attamen
611 2060 644 2114 et
654 2048 781 2141 justum
796 2066 927 2144 poteras
941 2068 975 2122 et
989 2055 1132 2123 scribere
1147 2054 1281 2137 fortem,

441 2158 627 2251 Scipiadam
644 2177 681 2230 ut
694 2165 824 2256 sapiens
839 2166 998 2237 Lucilius.
1013 2244 1019 2257 ⁶

815 2303 872 2349 110
882 2304 903 2348 n
912 2304 980 2349 nra
990 2306 1012 2351 u
1021 2306 1045 2349 s.

1015 2396 1114 2464 Haud
1129 2395 1211 2464 mihi
1226 2395 1342 2481 deero,

440 2500 553 2585 Quum
569 2525 620 2569 res
635 2502 705 2594 ipsa
718 2504 809 2575 feret.
824 2509 899 2577 Nisi
914 2509 1030 2578 dextro
1045 2525 1210 2605 tempore,
1224 2509 1332 2579 Flacci

439 2613 550 2680 Verba
564 2639 623 2706 per
636 2631 795 2688 attentam
811 2646 879 2690 non
894 2623 990 2692 ibunt
1002 2626 1144 2705 casaris
1157 2649 1290 2711 aurem,

439 2726 503 2793 Cui
518 2725 603 2795 male
617 2730 644 2797 si
660 2731 812 2826 palpem,
826 2735 1013 2807 recalcitrat
1027 2739 1175 2832 undique
1190 2753 1290 2808 tutus.

802 2872 1053 2921 rnennrrus.

437 2951 572 3037 Quanto
587 2956 708 3025 rectius
722 2958 801 3045 hoc,
815 2987 916 3054 quam
931 2964 1018 3033 tristi
1033 2962 1151 3033 laedere
1165 2988 1261 3032 versu

436 3062 655 3136 Pantolabum
669 3094 835 3161 scurram,
849 3079 1163 3172 Nomentanumque
1178 3072 1348 3171 nepotem!

435 3178 550 3264 Quum
559 3181 622 3249 sibi
631 3184 1097 3286 quisquetimet‚quamquam
1107 3206 1155 3262 est
1165 3188 1449 3277 intactus,etodit

813 3327 1041 3377 nonarius.

434 3404 526 3491 Quid
540 3407 681 3480 faciam?
693 3412 797 3483 Saltat
810 3417 991 3508 Milonius,
1005 3437 1044 3490 ut
1057 3424 1157 3493 semel
1173 3426 1239 3493 icto

431 3518 575 3588 Accessit
589 3522 699 3594 fervor
712 3530 832 3622 capiti,
846 3557 1071 3629 numerusque
1084 3536 1236 3607 lucernis,

432 3631 551 3701 Castor
565 3638 687 3729 gaudet
700 3644 811 3735 equis,
825 3670 888 3714 ovo
903 3666 1086 3743 prognatus
1099 3652 1234 3739 eodem,

431 3745 573 3837 Pugnis3
587 3768 669 3842 quot
682 3758 828 3849 capitum
843 3762 978 3849 vivunt,
992 3767 1130 3835 totidem
1145 3770 1330 3838 studiorum

429 3856 547 3928 Millia.
561 3865 618 3931 Me
631 3866 770 3959 pedibus
784 3873 925 3945 delectat
938 3877 1092 3949 claudere
1106 3883 1224 3970 verba,

429 3970 538 4038 Lucili
554 3975 636 4063 ritu,
651 3997 800 4052 nostrum
815 3989 962 4058 melioris
976 4008 1127 4087 utroque.

428 4079 506 4168 Ille,
520 4084 609 4156 velut
622 4090 698 4160 fidis
712 4080 837 4167 arcana
848 4101 1016 4173 sodalibus
1030 4107 1111 4175 olim
