3325 5342
456 638 523 710 312
681 635 724 723 Q.
755 632 979 702 HORATII
1011 633 1207 701 FLACCI
1351 651 1378 682 v.
1400 635 1455 695 ²⁵7

454 771 672 862 Si,quantum
680 787 984 859 cuperem,possem
994 762 1206 857 quoque3sed
1215 788 1327 858 neque
1337 788 1488 858 parvum

455 886 598 952 Carmen
612 878 766 971 majestas
780 877 898 970 recipit
909 890 985 963 tua,
998 901 1059 945 nec
1073 901 1165 945 meus
1178 877 1280 947 audet

456 996 538 1062 Rem
551 1006 679 1061 tentare
691 990 814 1086 pudor,
826 1013 927 1083 quam
940 988 1026 1057 v‘res
1039 989 1124 1058 ferre
1137 1003 1298 1058 remeent„

455 1103 620 1176 Sedulitas
632 1120 763 1189 autem,
775 1102 874 1172 stulte
887 1126 933 1196 qu
1000 1101 1129 1196 diligit,
1142 1116 1256 1197 urget,

455 1216 624 1311 Pmcipue
637 1241 740 1310 quum
756 1240 790 1284 se
802 1215 950 1284 numeris
962 1213 1173 1284 commendat
1184 1228 1218 1282 et
1230 1228 1310 1283 arte.

457 1329 565 1398 Discit
578 1330 667 1397 enim
682 1329 781 1398 citius
794 1328 1011 1419 meminitque
1025 1325 1181 1395 libentius
1194 1325 1295 1411 illud,

458 1441 563 1530 Quod
577 1443 652 1536 quis
665 1442 812 1528 deridet,
825 1465 925 1534 quam
938 1438 1029 1534 quod
1042 1439 1160 1533 probat
1174 1453 1208 1508 et
1221 1454 1408 1508 veneratur.

457 1554 514 1624 Nil
528 1581 643 1624 moror
654 1555 822 1643 officium,
836 1554 927 1649 quod
941 1579 993 1622 me
1008 1568 1141 1648 gravat,
1153 1578 1192 1622 ac
1207 1578 1312 1647 neque
1326 1553 1407 1621 ficto

457 1657 499 1734 ln'
513 1669 607 1760 pejus
619 1666 713 1738 vultu
726 1668 869 1762 proponi
883 1690 996 1736 cereus
1010 1689 1169 1760 usquam,

458 1782 527 1848 Nec
540 1805 640 1874 prave
654 1779 748 1848 scobs
762 1780 911 1849 decorari
922 1778 1075 1848 versibus
1088 1793 1186 1872 opto;

457 1894 508 1964 Ne
523 1893 657 1960 rubeam
672 1893 789 1986 pingui
803 1893 946 1962 donatus
960 1918 1115 1980 munere,
1126 1907 1159 1960 et
1174 1916 1240 1960 una

458 2010 544 2075 Cum
558 2008 717 2100 scriptore
730 2031 804 2076 meo
817 2032 914 2102 capsa
928 2023 1099 2103 porrectus
1112 2021 1243 2101 aperta,

458 2118 597 2189 Deferar
610 2121 643 2188 in
658 2120 767 2189 vicum
782 2121 976 2191 vendentem
992 2122 1070 2190 thus
1082 2135 1115 2190 et
1126 2120 1264 2204 odores,

457 2237 500 2303 Et
513 2235 622 2330 piper,
635 2251 668 2304 et
682 2235 846 2330 quidquid
860 2236 983 2306 chartis
996 2237 1153 2306 amicitur
1167 2233 1296 2328 ineptis.

457 2486 547 2505 Μ

732 2678 1059 2766 EPISTOLA
1102 2679 1164 2764 ΙΙ.

699 2934 760 2990 nn
785 2934 964 2990 inmun
988 2934 1194 2991 rnonnu.

458 3149 592 3231 Fronn,
605 3145 693 3214 bono
707 3145 863 3239 claroque
876 3144 983 3214 fidelis
997 3146 1101 3216 amice
1114 3148 1260 3232 Neroni,

456 3259 490 3326 Si
505 3259 579 3353 quis
593 3258 677 3328 sorte
690 3257 769 3327 velit
783 3282 923 3352 puerum
938 3259 1000 3326 tibi
1015 3259 1174 3346 vendere,
1187 3275 1304 3328 natum
1400 3281 1406 3292 ’

456 3371 579 3454 Tibure
592 3371 643 3440 vel
657 3372 792 3458 Gabiis,
805 3386 838 3441 et
852 3386 960 3439 tecum
976 3373 1023 3441 sic
1037 3388 1133 3467 agat:
1148 3403 1165 3437 α
1174 3375 1238 3442 Hic
1251 3389 1286 3442 et

449 3514 472 3548 ·«
483 3486 672 3572 Candidus,
684 3502 718 3556 et
730 3487 814 3557 talos
827 3513 847 3557 a
861 3488 983 3557 vertice
997 3487 1136 3582 pulcher
1148 3489 1191 3558 ad
1207 3490 1311 3576 imos,

455 3599 554 3668 «Fiet
566 3600 694 3693 eritque
706 3614 784 3669 tuus
799 3625 1013 3671 nummorum
1027 3599 1176 3670 millibus
1190 3617 1286 3687 octo,

455 3741 472 3775 ι(
481 3715 593 3782 verna
607 3715 799 3784 ministeriis
812 3714 856 3784 ad
869 3731 971 3784 nutus
984 3728 1082 3809 aptus
1096 3714 1235 3802 heriles,

455 3854 472 3887 α
482 3825 654 3895 Litterulis
667 3830 792 3897 Graeeis
805 3829 971 3914 imbutus,
984 3828 1123 3897 idoneus
1136 3829 1199 3896 arti

454 3967 472 4001 «
481 3936 645 4022 Cuilibet;
657 3939 776 4033 argilla
790 3942 921 4035 quidvis
937 3941 1119 4010 imitaberis
1133 3941 1210 4009 uda.

455 4082 471 4115 α
481 4051 574 4137 Quin
588 4051 687 4118 etiam
702 4067 797 4122 canet
810 4054 1001 4140 indoctum,
1016 4055 1072 4124 sed
1087 4054 1183 4124 dulce
1196 4054 1334 4122 bibenti.
