3325 5342
489 705 551 773 182
708 708 750 791 Q.
782 702 1002 770 floulru
1033 700 1230 770 micul
1384 723 1406 752 ι.
1431 707 1461 752 10

483 865 500 899 α
512 840 584 905 Jam
600 835 716 905 faeiem
729 832 819 927 quod
833 830 949 918 vultis3
961 832 1026 899 eris
1039 846 1094 917 tu,
1106 832 1165 924 qui
1180 832 1280 900 modo
1294 834 1403 921 miles,

483 979 501 1013 α
512 953 694 1031 Mercator3
708 961 762 1032 tu,
775 943 945 1015 consultus
957 944 1076 1029 modo,
1090 944 1240 1014 rusticus.
1255 948 1341 1016 Hine
1355 974 1429 1033 vos,

482 1091 500 1126 α
513 1067 582 1131 Vos
594 1060 672 1128 hinc
683 1058 818 1127 mutatis
833 1056 989 1126 diseedite
1002 1056 1161 1150 partibus.
1175 1055 1252 1126 Eia!

482 1204 500 1239 α
513 1172 604 1263 Quid
617 1169 756 1241 statim»
767 1168 893 1240 Nolint.
907 1170 1007 1263 Atqui
1022 1168 1097 1238 lieet
1109 1194 1178 1238 esse
1191 1171 1302 1240 beatis.

482 1286 573 1375 Quid
586 1309 690 1355 causae
703 1298 769 1371 est,
781 1283 902 1352 merito
914 1282 995 1375 quin
1011 1280 1076 1351 illis
1088 1283 1216 1376 Jupiter
1229 1285 1342 1353 ambas

482 1404 589 1468 Iratus
603 1396 721 1466 buccas
735 1394 844 1481 inflet,
857 1416 963 1487 neque
976 1418 1010 1462 se
1024 1393 1095 1462 fore
1107 1394 1245 1487 posthac

481 1517 562 1582 Tam
577 1510 705 1580 facilem
720 1509 824 1594 dieat,
837 1509 923 1576 votis
936 1521 974 1575 ut
987 1508 1131 1600 praebeat
1143 1508 1278 1576 aurem?

529 1629 706 1710 Praeterea,
719 1622 799 1716 (nec
812 1621 876 1708 sic,
888 1636 926 1689 ut
939 1621 996 1714 qui
1008 1618 1189 1713 jocularia,
1203 1621 1312 1691 ridens

481 1742 905 1829 Percurram3qua1nquam
920 1732 1082 1802 ridentem
1096 1732 1204 1803 dicere
1218 1758 1330 1803 verum

481 1848 573 1938 Quid
584 1848 693 1917 vetat?
704 1860 742 1916 ut
754 1845 866 1940 pueris
878 1844 957 1913 olim
971 1844 1053 1914 dent
1065 1845 1209 1914 crustula
1223 1846 1334 1915 blandi

481 1966 658 2047 Doctores,
670 1959 830 2029 elementa
844 1956 946 2028 velint
959 1973 997 2027 ut
1010 1959 1134 2028 diseere
1147 1961 1263 2053 prime

480 2073 544 2144 Sed
556 2088 665 2142 tamen
679 2088 790 2141 amoto
803 2094 989 2165 queramus
1003 2072 1086 2140 seria
1101 2070 1210 2166 ludo.)

479 2186 540 2256 llle
552 2211 684 2281 gravem
698 2186 782 2256 duro
795 2200 916 2255 terram
932 2187 989 2279 qui
1003 2187 1102 2254 vertit
1114 2200 1241 2272 aratro,

479 2297 628 2369 Perfidus
641 2298 696 2367 hic
707 2322 832 2391 oeup0‚
844 2296 957 2383 miles,
971 2312 1160 2391 pauleque,
1173 2323 1232 2391 per
1245 2323 1343 2366 omne

479 2410 626 2481 Audaces
638 2435 729 2480 mure
741 2411 798 2504 qui
812 2423 968 2495 currunt,
981 2409 1043 2479 hac
1056 2425 1165 2478 mente
1180 2409 1323 2479 laborem

478 2528 553 2594 Sese
566 2523 667 2611 ferre,
680 2548 773 2593 senes
785 2538 823 2593 ut
838 2523 871 2591 in
885 2524 954 2592 otia
967 2537 1039 2592 tuta
1053 2524 1224 2609 recedant,

478 2641 596 2727 Aiunt,
609 2665 712 2734 quum
727 2639 788 2708 sibi
803 2640 870 2709 sint
883 2652 1037 2734 congesta
1050 2640 1192 2728 eiburia3
1205 2642 1288 2710 sieut

478 2752 634 2840 Parvula,
648 2779 724 2823 nam
739 2753 890 2848 exemplo
903 2767 952 2823 est
965 2755 1096 2848 magni,
1110 2754 1264 2840 formica,
1278 2754 1415 2838 laboris,

477 2868 546 2935 Ore
558 2867 660 2936 trahit
672 2867 905 2961 quodcumque
917 2880 1047 2960 potest,'
1055 2882 1154 2961 arque
1167 2868 1259 2936 addit
1272 2893 1388 2936 acervo

477 2979 585 3066 Quem
600 2980 715 3065 struit,
727 2978 817 3048 haud
833 2980 947 3074 ignaru
960 3002 999 3047 ac
1013 3005 1080 3047 non
1096 2980 1227 3049 incauta
1241 2981 1354 3050 futuri.
1368 3023 1416 3033 -

477 3092 577 3179 Quae‚
589 3092 685 3161 simul
701 3093 868 3161 inversum
882 3093 1056 3162 contristat
1070 3095 1233 3186 Aquarius
1245 3120 1387 3179 annum,

475 3205 551 3273 Non
564 3227 702 3298 usquam
716 3205 881 3298 prorepit,
894 3218 928 3273 et
942 3203 1006 3273 illis
1020 3205 1126 3274 utitur
1138 3221 1215 3274 ante

476 3316 629 3403 Quaesitis
642 3317 788 3411 sapieus3
800 3342 905 3411 quum
921 3330 953 3385 te
968 3342 1074 3411 neque
1089 3316 1234 3387 fervidus
1247 3334 1344 3387 aestus

474 3428 655 3496 Demoveat
668 3426 778 3515 luero,
791 3452 898 3522 neque
911 3428 1034 3515 hiems,
1048 3429 1151 3523 ignis,
1165 3454 1272 3515 mare,
1287 3431 1427 3513 ferrum,

474 3535 529 3606 Nil
543 3537 650 3608 obstet
662 3540 740 3626 tibi,
753 3540 833 3609 dum
847 3566 889 3609 ne
903 3541 945 3610 sit
959 3556 991 3611 te
1005 3541 1107 3610 ditior
1119 3542 1210 3611 alter.

475 3647 566 3734 Quid
576 3650 670 3742 juvat
682 3651 879 3721 immensum
894 3668 926 3722 te
940 3654 1067 3748 argenti
1083 3653 1214 3747 pondus
1226 3667 1259 3722 et
1273 3654 1345 3722 auri

474 3760 600 3828 Furtim
614 3762 741 3833 defossa
754 3765 907 3834 timidum
922 3765 1086 3860 deponere
1101 3781 1186 3835 terra
1196 3766 1266 3834 ἓ-

382 3898 385 3903 ·
474 3872 591 3957 Quod,
604 3874 630 3941 si
645 3876 866 3963 sommium,
879 3877 977 3947 vilem
993 3878 1162 3972 redigatur
1175 3877 1216 3946 ad
1230 3901 1345 3946 assem.
1356 3919 1402 3929 —

473 3985 531 4065 At,
544 3984 578 4050 ni
593 3985 626 4051 id
640 3986 694 4071 fit,
708 3989 788 4080 quid
802 3990 899 4058 habet
917 3991 1047 4083 pulchri
1061 4007 1269 4060 constructus
1282 3991 1440 4060 acervus?

473 4092 578 4162 Milliu
592 4095 747 4166 frumenti
761 4115 816 4170 tua
830 4104 957 4171 triverit
971 4130 1045 4174 area
1061 4120 1210 4189 centum,
