3325 5342
456 554 526 626 206
684 558 726 643 Q.
760 557 986 624 nostru
1018 530 1215 625 111111
1366 583 1390 614 v.
1415 569 1449 613 ⁵⁶

454 691 502 759 Ut
515 688 590 756 veni
605 711 735 772 coram,
749 685 922 781 singultim
936 710 1041 779 pauca
1054 684 1205 774 locutus,

452 801 567 871 Infans
583 826 726 895 namque
740 799 850 893 pudor
862 799 1063 893 prohibebat
1076 798 1173 895 plura
1189 804 1333 896 profari,

451 920 527 987 Non
542 942 605 1012 ego
618 941 672 984 me
686 915 777 984 clero
791 929 907 983 natum
922 930 1034 1008 patre,
1048 940 1116 984 non
1131 941 1195 1011 ego
1209 920 1335 989 circum

450 1035 507 1101 Me
520 1033 716 1101 Satureiano
730 1030 853 1098 vectari
870 1054 949 1098 rura
963 1029 1110 1115 caballo,

449 1146 532 1230 Sed,
545 1144 635 1239 quod
650 1168 759 1229 eram,
773 1168 883 1213 narro.
899 1143 1109 1237 Respondes,
1122 1158 1160 1213 ut
1174 1159 1252 1214 tuus
1266 1162 1316 1216 est
1329 1176 1418 1235 uros,

450 1264 568 1328 Pauca.
584 1259 697 1344 Abe03
710 1272 743 1326 et
758 1282 910 1344 revocas,
924 1282 1014 1326 nono
1030 1273 1105 1351 post
1119 1283 1248 1344 mense,
1258 1261 1423 1356 jubesque

449 1376 528 1442 Esse
543 1372 577 1440 in
592 1373 776 1441 amicorum
792 1396 942 1440 numero.
957 1375 1121 1466 Magnum
1136 1372 1201 1440 hoe
1213 1398 1276 1467 ego
1290 1375 1394 1461 duco,

448 1485 550 1574 Quod
563 1484 674 1579 placui
689 1485 770 1571 tibi,
783 1485 842 1578 qui
858 1486 948 1579 turpi
963 1486 1106 1554 secernis
1120 1486 1313 1573 honestum,

447 1601 524 1669 Non
538 1614 634 1692 petre
647 1597 823 1693 praeclaro,
837 1598 894 1667 sed
909 1599 978 1667 vita
991 1615 1023 1667 et
1039 1614 1172 1693 pectore
1185 1624 1278 1693 puro.

497 1712 599 1804 Atqui
615 1712 642 1779 si
658 1712 748 1780 vitiis
761 1710 985 1780 mediocribus
999 1738 1039 1781 ac
1052 1737 1126 1781 mea
1139 1715 1253 1806 paucis

447 1824 609 1893 Mendosa
624 1840 673 1893 est
687 1840 825 1911 natura,
839 1826 964 1919 alioqui
980 1841 1086 1912 recte,
1099 1825 1190 1895 velut
1203 1829 1229 1895 si

447 1941 591 2032 Egregio
607 1941 773 2033 inspersos
789 1940 968 2033 reprendas
983 1966 1123 2034 corpore
1138 1966 1263 2027 naevos3

446 2053 479 2119 si
496 2077 603 2145 neque
617 2052 810 2139 avaritiam,
825 2078 932 2147 neque
945 2055 1076 2140 sordes,
1089 2079 1129 2123 ac
1142 2054 1228 2123 male
1245 2054 1344 2124 lustra

445 2164 590 2257 Objiciet
603 2190 680 2234 vere
694 2167 871 2260 quisquam
886 2168 987 2255 mihi;
1002 2192 1106 2261 pirus
1120 2182 1153 2236 et
1168 2168 1297 2247 insons,

444 2279 492 2345 Ut
506 2301 559 2344 me
573 2275 776 2365 collaudem,
791 2279 818 2347 si
833 2294 866 2347 et
879 2280 955 2348 vivo
970 2304 1066 2349 carus
1081 2281 1211 2349 amicis:

444 2395 553 2461 Causa
568 2392 632 2461 fuit
646 2407 741 2486 pater
752 2393 822 2481 his,
837 2396 894 2488 qui
910 2420 1022 2464 macro
1038 2418 1165 2490 pauper
1177 2394 1284 2490 agello

443 2505 561 2577 Noluit
575 2508 610 2574 in
626 2506 718 2577 Flavi
736 2508 854 2578 ludum
870 2536 924 2579 me
938 2512 1088 2598 mittere,
1102 2512 1214 2605 magni
1228 2574 1230 2579 .

443 2623 521 2710 Quo
535 2623 630 2715 pueri
645 2625 776 2718 magnis
790 2650 809 2692 e
822 2626 1075 2699 centurionibus
1089 2628 1172 2710 orti,

432 2740 542 2805 Laevo
557 2738 705 2830 suspensi
721 2737 848 2809 loculos
861 2741 1075 2834 tabulamque
1090 2740 1231 2826 lacerto,

442 2850 540 2919 lbant
553 2852 683 2920 octonis
698 2852 876 2923 referentes
890 2854 1007 2924 Idibus
1021 2881 1094 2924 aera.

441 2963 506 3031 Sed
519 2989 660 3058 puemm
674 2981 725 3034 est
737 2992 839 3036 ausus
853 2972 995 3036 Romam
1011 2984 1162 3062 portare,
1177 2969 1361 3038 docendum

442 3079 556 3163 Artes,
570 3102 652 3171 quas
667 3079 783 3148 doceat
797 3081 906 3174 quivis
920 3106 1020 3175 eques
1035 3097 1134 3175 atque
1148 3098 1280 3150 senator

439 3192 549 3259 Semet
562 3207 752 3287 prognatos.
767 3197 903 3263 Vestem
919 3220 1096 3290 servosque
1110 3211 1282 3290 sequentes

439 3307 478 3371 In
492 3330 615 3400 magno
630 3322 667 3376 ut
681 3308 807 3402 populo
823 3310 849 3377 si
866 3310 941 3402 quis
956 3309 1109 3396 vidisset,
1122 3311 1210 3379 avita

437 3420 487 3485 Ex
503 3443 537 3486 re
551 3421 690 3513 praeberi
705 3437 857 3515 sumptus
872 3422 955 3490 mihi
970 3423 1119 3492 crederet
1134 3422 1216 3492 illos.

437 3532 512 3622 Ipse
526 3531 608 3598 mihi
624 3547 735 3602 custos
750 3535 1059 3628 incorruptissimus
1073 3561 1188 3604 omnes

436 3643 572 3711 Circum
588 3643 740 3715 doctores
754 3647 879 3717 aderat.
894 3648 988 3737 Quid
1002 3647 1131 3717 multa?
1143 3647 1319 3741 pudicum,

435 3755 503 3841 Qui
519 3756 646 3848 primus
660 3759 795 3829 virtutis
808 3758 936 3848 honos,
950 3763 1093 3830 servavit
1106 3762 1148 3829 ab
1163 3761 1254 3829 omni

434 3870 510 3937 Non
526 3867 633 3938 solum
649 3872 755 3961 facto,
769 3899 883 3943 verum
899 3875 1081 3971 opprobrio
1095 3899 1229 3968 quoque
1243 3873 1342 3964 turpi.

433 3983 504 4051 Nec
516 3982 646 4071 timuit,
660 3985 723 4053 sibi
738 4011 780 4053 ne
794 3988 876 4054 vitio
891 3987 966 4080 quis
980 4002 1138 4073 verteret,
1152 3985 1232 4054 olim
