3325 5342
426 815 471 860 20

653 794 695 881 Q.
728 786 1178 860 uouluuan'lcm

544 952 561 987 α
574 919 685 992 Eheu!
701 935 847 1016 quantus
860 920 972 1014 equis,
985 934 1130 1013 quantus
1143 918 1236 988 adest
1248 916 1327 988 'viris

545 1064 563 1100 α
577 1031 702 1105 Sudor!
719 1049 843 1129 quauta
858 1058 970 1102 moves
984 1032 1102 1102 funera
1114 1024 1287 1102 Dardana

542 1179 559 1213 ιι
574 1144 693 1221 Genti!
706 1150 776 1244 jam
793 1148 921 1244 galeam
936 1146 1062 1233 Pallas,
1076 1163 1109 1216 et
1123 1147 1246 1242 aegida,

642 1292 659 1327 α
674 1266 884 1356 Currusque,
897 1277 930 1330 et
945 1262 1068 1330 rabiem
1083 1275 1187 1353 parat.

543 1542 561 1578 a
574 1513 821 1606 Nequioquam‚
835 1510 974 1580 Veneris
988 1509 1141 1602 praesidio
1156 1509 1264 1597 ferox,

542 1654 559 1689 u
573 1626 685 1693 Pectes
698 1623 881 1708 caesariem,
895 1635 1054 1715 grataque
1069 1621 1199 1689 feminis

542 1766 559 1801 u
573 1735 703 1807 Imbelli
717 1736 844 1804 cithara
859 1732 1007 1804 carmina
1021 1734 1166 1819 divides;

637 1878 654 1913 α
669 1849 899 1943 Nequicquam
915 1847 1061 1917 thalamo
1076 1873 1191 1942 graves

540 2132 557 2166 α
571 2106 707 2186 Haustus,
720 2118 753 2171 et
767 2100 885 2171 calami
901 2101 1028 2196 spicula
1041 2106 1160 2173 Gnosii

540 2245 558 2281 α
571 2217 720 2301 Vitabis,
734 2217 993 2310 strepitumque,
1006 2232 1040 2284 et
1055 2216 1194 2285 celerem
1209 2221 1299 2311 sequi

540 2360 557 2393 u
572 2332 725 2423 Ajacem3
739 2344 849 2397 tamen
864 2328 947 2398 heu!
964 2355 1056 2398 serus
1070 2330 1237 2399 adulteros

636 2471 653 2506 «
668 2442 787 2511 Crines
796 2441 937 2543 pulvere
950 2442 1095 2511 colliues.

538 2722 555 2759 a
570 2698 646 2766 Non
663 2696 880 2781 Laertiaden,
894 2697 1031 2765 exitium
1047 2712 1111 2765 tuae

537 2837 554 2871 u
570 2809 707 2893 Gentis,
721 2833 788 2875 non
804 2805 934 2900 Pylium
949 2812 1089 2876 Nestora
1105 2810 1261 2902 respicis?

537 2949 555 2983 u
568 2923 700 3013 Urgent
715 2919 874 3011 impavidi
890 2935 922 2987 te
935 2918 1134 2989 Salaminius

634 3061 652 3097 «
666 3037 810 3119 Teucer,
824 3047 857 3101 te
870 3033 1045 3103 Sthenelus
1059 3036 1164 3103 sciens

537 3308 554 3343 α
569 3281 710 3371 Pugnae,
723 3277 791 3344 sive
805 3300 890 3368 opus
904 3291 953 3344 est
967 3277 1157 3369 imperitare
1171 3282 1281 3373 equis,

538 3422 554 3457 «
568 3393 645 3460 Non
660 3389 777 3482 auriga
792 3388 895 3481 piger.
911 3388 1085 3457 Merionen
1101 3398 1251 3484 quoque*

536 3534 553 3569 o
568 3505 700 3574 Nosces.
716 3503 800 3569 Ecce
816 3498 898 3567 furit
912 3513 944 3567 te
959 3502 1102 3594 seperire
1115 3517 1209 3572 atrox

633 3642 650 3677 o
663 3611 823 3706 Tydides,
838 3611 955 3681 melior
968 3628 1079 3705 patre3

538 3888 554 3922 «
569 3858 678 3945 Quem
693 3871 747 3942 tu,
761 3879 876 3924 cervus
891 3849 1047 3923 uti'vallis
1062 3858 1096 3924 in
1109 3852 1212 3929 altera

539 4000 555 4035 α
569 3969 687 4039 Visum
702 3982 794 4061 parte
809 3966 925 4061 lupum
940 3969 1100 4061 graminis
1115 3973 1304 4063 immemor,

538 4080 709 4151 «Sublimi
725 4080 830 4173 fugies
846 4079 955 4147 mollis
969 4081 1135 4170 anhelitu,

634 4224 651 4258 a
664 4196 741 4266 Non
756 4193 819 4260 hoe
834 4190 1000 4285 pollicitus
1014 4210 1087 4266 tuae.
