3325 5342
205 727 263 774 nt
379 713 685 782 SATIRARUM
717 711 876 777 LIBER
906 710 954 775 Π.
990 705 1018 775 5.
1117 708 1185 792 245

205 850 281 918 Non
296 845 374 914 satis
388 858 438 913 est
451 843 600 912 Ithacam
615 840 744 926 revehi,
757 840 949 933 patriosque
963 842 1103 908 Penates

207 957 409 1052 Adspicere?

612 1090 776 1137 nnrxns

419 1185 451 1250 Ο
464 1179 550 1249 nulli
562 1179 745 1274 quidquam
762 1181 914 1265 mentite,
928 1180 1018 1248 vides
1031 1194 1069 1248 ut

208 1293 327 1365 Nudus
341 1295 501 1386 inopsque
516 1291 652 1360 domurn
668 1290 818 1377 redeam,
831 1306 864 1359 te
878 1305 968 1377 vate,
982 1317 1088 1386 neque
1103 1290 1171 1361 illic

209 1410 278 1476 Aut
290 1406 450 1500 apotheca
464 1406 574 1499 procis
588 1405 711 1473 intacta
725 1420 793 1489 est,
805 1419 864 1472 ant
878 1430 994 1498 pecus;
1007 1408 1098 1500 atqui

207 1525 251 1590 Et
264 1545 386 1615 genus,
399 1534 432 1588 et
446 1520 569 1605 virtus,
583 1519 648 1586 nisi
662 1533 739 1586 cum
756 1543 808 1603 re,
819 1516 921 1586 vilior
934 1518 1008 1615 alga
1021 1535 1079 1589 est.

591 1648 805 1701 rrnnslas.

208 1745 354 1836 Quando
368 1747 581 1840 pauperiem,
595 1745 704 1813 missis
717 1744 931 1839 anrbagibus‚
945 1745 1076 1833 horres,

208 1860 345 1952 Accipe,
358 1883 424 1952 qua
439 1860 568 1927 ratione
581 1883 682 1952 queas
695 1858 864 1927 ditescere.
880 1857 1012 1927 Turdus

209 1975 283 2042 Sive
296 1971 388 2041 aliud
402 1974 534 2066 privum
550 1972 685 2041 dabitur
698 1973 779 2058 tibi,
793 1970 922 2040 devolet
937 1970 1033 2060 illuc,

210 2090 274 2154 Res
287 2087 345 2154 ubi
359 2112 480 2180 magna
494 2087 594 2173 nitet,
608 2086 746 2155 domino
761 2111 855 2172 sene;
869 2083 979 2154 dulcia
993 2111 1110 2179 poma,

209 2204 251 2268 Et
265 2225 489 2295 quoscumque
503 2200 585 2271 feret
599 2190 709 2271 cultus
723 2200 784 2267 tibi
798 2199 923 2267 fundus
936 2199 1096 2287 honores,

209 2319 293 2381 Ante
307 2317 427 2382 Larem
443 2328 552 2408 gustet
565 2313 786 2384 venerabilior
800 2316 886 2382 Lare
900 2313 999 2385 dives.

209 2429 277 2515 Qui
293 2430 445 2521 quamvis
458 2429 613 2521 perjurus
627 2428 708 2514 erit,
723 2429 793 2496 sine
807 2441 921 2521 gente,
935 2443 1090 2497 cruentus

209 2543 375 2635 Sanguine
388 2542 554 2629 fraterne,
568 2542 747 2636 fugitivus,
761 2568 803 2610 ne
816 2556 928 2611 tamen
944 2540 991 2610 illi

209 2658 237 2723 T
238 2680 261 2722 u
273 2680 382 2724 comes
396 2657 556 2742 exterior,
569 2656 597 2724 si
612 2654 775 2748 postulet,
790 2655 838 2723 ire
854 2681 991 2725 recuses.

619 2792 785 2838 nnrxss

210 2885 299 2950 Utne
317 2896 425 2976 tegam
441 2907 561 2975 spurco
575 2886 691 2951 Damae
706 2881 813 2951 latus?
829 2882 919 2951 haud
934 2883 979 2949 ita
992 2884 1099 2975 Trojae

209 2998 266 3063 Me
280 2997 384 3089 gessi,
396 3011 526 3066 certans
540 3021 669 3090 semper
683 2996 886 3066 melioribus.

601 3135 640 3179 rr
650 3134 815 3181 nestas„

909 3227 999 3318 Ergo

210 3340 343 3428 Pauper
356 3337 430 3404 eris.

624 3476 785 3522 nnrxns.

451 3565 583 3630 Fortem
599 3565 663 3633 hoo
676 3567 826 3633 animum
842 3563 983 3633 tolerare
993 3562 1134 3656 jubeb03

209 3678 250 3742 Et
265 3674 433 3767 quondam
448 3678 575 3769 majora
589 3677 662 3748 tuli.
677 3684 728 3748 Tu
745 3681 916 3773 protinus,
930 3677 1019 3745 unde

208 3788 352 3856 Divitias
365 3790 504 3883 aerisque
519 3816 633 3878 ruam,
648 3792 719 3879 dic,
733 3818 858 3888 augur,
872 3817 1014 3862 aoervos.

598 3930 638 3973 rr
649 3930 808 3976 nasus.

208 4013 288 4081 Dixi
302 4014 475 4107 equidem,
488 4031 522 4083 et
535 4018 619 4086 dico.
636 4022 758 4112 Captes
771 4034 901 4088 astutus
914 4019 1038 4110 ubique

207 4128 417 4195 Testamenta
431 4153 488 4196 sen
494 4154 570 4215 nm;
584 4157 667 4217 neu,
681 4133 708 4200 si
723 4133 813 4202 vafer
826 4158 913 4202 unus
927 4146 960 4200 et
974 4130 1059 4199 alter
