3325 5342
419 703 484 782 140

641 701 683 787 Q.
716 700 942 769 uoniru
974 677 1169 767 reieci

556 829 696 899 Paulum
711 827 845 922 sepuitae
860 830 960 898 distat
974 829 1100 896 inertiae

556 942 671 1013 Celata
685 943 799 1012 virtus.
814 945 891 1013 Non
906 968 968 1037 ego
983 957 1015 1011 te
1028 944 1111 1012 mei's

604 1055 738 1124 Chartis
752 1057 944 1124 inornatum
958 1053 1080 1143 silebo,

651 1173 756 1237 Totve
771 1184 845 1238 tuos
860 1169 968 1262 patiar
981 1166 1111 1238 iabores

555 1428 713 1517 Impune,
727 1422 834 1511 Lolli,
846 1445 981 1515 carpere
995 1420 1112 1491 lividas

553 1535 756 1606 Obliviones.
772 1540 831 1606 Est
844 1536 975 1604 animus
990 1534 1050 1603 tibi

600 1652 789 1743 Rerumque
804 1648 966 1742 prudens,
980 1663 1012 1716 et
1026 1648 1178 1717 secundis

646 1761 865 1853 Temporibus
880 1760 1054 1854 dubiisque
1068 1777 1191 1847 rectus;

550 2014 679 2083 Vindex
693 2039 797 2083 avane
813 2015 957 2102 fraudis,
970 2031 1004 2084 et
1017 2016 1185 2085 abstinens

550 2127 711 2197 Ducentis
725 2127 767 2195 ad
782 2153 816 2195 se
829 2143 950 2196 cuncta
964 2129 1128 2220 pecuniae3

579 2235 791 2333 'Qpnsulque
805 2264 872 2307 non
887 2241 986 2308 unius
1001 2242 1099 2326 anni,

648 2351 712 2421 Sed
726 2354 856 2446 quoties
870 2354 978 2424 bouus
992 2370 1092 2449 atque
1106 2354 1193 2424 fidus

551 2607 655 2676 Judex
670 2608 844 2677 honestum
859 2608 1003 2702 praetulit
1017 2610 1110 2696 utili,

552 2721 676 2814 Rejecit
689 2721 757 2789 alto
770 2711 860 2790 dona
874 2724 1065 2791 nocentium

600 2833 723 2921 Vultu,
737 2859 796 2928 per
809 2835 977 2904 obstantes
990 2809 1140 2903 caterva}

648 2947 814 3041 Explicuit
827 2974 887 3017 sua
900 2950 1006 3017 victor
1019 2973 1120 3017 arma.

548 3201 625 3269 Non
641 3181 863 3293 possidentem
879 3198 983 3267 multa
996 3202 1162 3269 vocaveris

552 3315 652 3382 Recte
666 3314 817 3402 beatum3
832 3314 953 3382 rectius
966 3328 1108 3408 occupat

597 3427 726 3494 Nomen
742 3425 847 3510 beati,
861 3426 918 3518 qui
933 3429 1083 3495 Deorum

646 3539 842 3607 Muneribus
857 3540 1022 3631 sapienter
1035 3540 1103 3625 uti,

550 3784 744 3875 Duramque
757 3782 854 3851 callet
869 3785 1059 3876 pauperiem
1077 3786 1164 3877 pati,

551 3896 712 3989 Pejusque
727 3894 816 3965 letho
831 3896 995 3991 flagitium
1011 3899 1122 3982 timet,

599 4010 675 4075 Non
690 4006 745 4076 ille
760 4034 821 4102 pro
836 4010 921 4078 caris
935 4011 1050 4079 amicis

648 4123 716 4188 Aut
730 4126 838 4215 patria
852 4124 988 4192 timidus
1003 4126 1120 4217 perire.
