3325 5342
370 528 372 531 ¹
460 526 766 602 CARMINUM
788 532 949 599 LIBER
981 534 1006 599 1.
1210 560 1235 629 9

390 669 561 734 intentata
576 659 676 732 uites!
690 663 749 731 Me
762 660 873 731 tabula
886 686 979 731 sacer

393 778 518 848 Votiva
531 777 643 871 paries
656 775 781 846 indicat
792 776 892 846 uvidu

491 890 710 985 suspendisse
723 891 848 985 potenti

467 1005 672 1074 Vestimenta
687 1005 786 1073 maris
799 1005 880 1071 Deo.

244 1248 1232 1276 mmmmmswwwwmm

607 1465 751 1554 ODE
789 1454 891 1552 VI.x

568 1704 629 1758 AD
656 1703 910 1760 sculpetur.

343 1918 526 1984 Seninsnrs
539 1913 643 1981 Vario
658 1912 754 1981 fortis
768 1927 802 1980 et
816 1910 961 1981 hustium

346 2029 477 2117 Victor,
489 2027 625 2096 Maeonii
641 2027 799 2096 carminis
813 2024 903 2114 aliti,

344 2144 456 2232 Quam
472 2167 541 2212 rem
555 2167 699 2236 cumque
713 2141 806 2211 ferox
820 2142 960 2211 nauibus
973 2158 1032 2212 aut
1044 2146 1138 2238 equis

467 2256 564 2326 Miles
572 2270 628 2343 ,te
642 2256 744 2344 duce,
758 2256 905 2350 gesserit.

348 2488 438 2572 Nos,
452 2486 618 2580 Agrippa,
631 2510 736 2580 neque
750 2487 819 2554 haec
834 2487 960 2573 dicere,
973 2511 1034 2556 nec
1048 2494 1181 2581 gra'vem

351 2598 473 2669 Peiidae
486 2599 691 2668 stomachum
706 2600 819 2669 cedere
835 2601 954 2687 nescii,

349 2717 418 2787 Nec
431 2738 546 2784 cursus
560 2710 701 2807 duplicis
715 2738 774 2807 per
785 2739 877 2783 mare
890 2712 1020 2801 Ulixei,

471 2831 541 2900 Nec
553 2853 672 2899 saevam
687 2827 820 2923 Pelopis
834 2826 971 2898 domum

347 3060 534 3142 Conamur,
547 3071 662 3125 tenues
677 3056 836 3150 grandia,
849 3056 929 3127 dum
945 3058 1068 3152 pudor,
1087 3054 1092 3059 ’

348 3169 564 3264 imbellisque
577 3168 655 3265 lyrae
668 3173 766 3240 Musa
780 3186 899 3265 potens
913 3187 1001 3243 vetat

350 3284 481 3354 Laudes
495 3283 620 3378 egregii
635 3284 773 3354 Caesaris
786 3299 820 3354 et
834 3300 908 3355 tuas

472 3396 580 3491 Culpa
593 3397 739 3467 deterere
753 3400 877 3494 ingeni.

351 3626 437 3714 Quis
450 3629 591 3697 Martem
607 3629 721 3697 tunica
736 3642 860 3698 tectum
875 3629 1087 3698 adamantina

353 3739 463 3834 Digne
477 3741 667 3836 scripserit?
680 3757 740 3812 aut
754 3742 890 3837 pulvere
901 3743 1022 3814 Troico

350 3852 493 3947 Nigrum
507 3856 707 3925 Merionen?
719 3871 778 3926 aut
791 3881 855 3952 ope
868 3856 1011 3927 Palladis

472 3964 621 4062 Tydiden
636 3973 770 4064 Superis
785 3971 922 4065 parem?
