3325 5342
230 688 253 718 v.
276 669 322 717 ¹⁰⁵
387 667 747 737 EPISTOLARUM
772 666 924 734 LIBER
948 668 974 732 Ι.
1005 666 1057 735 18.
1142 693 1212 763 299

229 799 321 888 Quid
334 798 457 866 sentire
470 796 591 889 putas?
603 797 695 885 Quid
710 797 835 885 credis,
846 797 969 882 amice,
981 798 1132 890 precari?

229 913 279 981 Sit
291 911 391 996 mihi,
404 907 496 1002 quod
510 932 601 978 nunc
612 924 680 994 est,
693 909 792 977 etiam
807 911 935 995 minus;
949 911 1076 978 etmihi
1091 912 1198 979 vivam

230 1024 331 1113 Quod
345 1036 493 1116 superest
505 1022 584 1109 tevi,
597 1021 624 1090 si
639 1022 720 1114 quid
735 1046 902 1116 superesse
915 1021 1032 1091 volunt
1045 1025 1101 1093 Di.

230 1138 279 1205 Sit
291 1137 380 1205 bona
393 1136 554 1206 librorum
568 1150 601 1204 et
614 1136 753 1228 provisae
766 1135 872 1229 frugis
885 1137 919 1204 in
933 1161 1059 1205 annum

231 1249 354 1340 Copia;
367 1273 433 1316 neu
446 1247 574 1316 fluitem
588 1246 697 1315 duhiae
711 1271 768 1339 spe
781 1245 946 1339 pendulus
960 1248 1059 1316 horae.

230 1360 294 1428 Sed
308 1361 386 1429 satis
399 1375 449 1430 est
462 1386 557 1430 orare
570 1364 703 1445 Jovem,
715 1384 789 1453 quae
803 1358 906 1428 donat
919 1375 952 1428 et
964 1361 1089 1446 aufert3

231 1477 297 1541 Det
311 1474 430 1561 vitam,
445 1474 500 1544 det
513 1499 609 1569 opes,
622 1498 754 1568 aequum
768 1474 814 1540 mi
829 1475 978 1541 animum
995 1475 1063 1568 ipse
1077 1474 1210 1567 parabo.

229 1724 502 1746 mm
505 1722 1210 1745 mmmmmmm

460 1914 790 2002 EPISTOLA
833 1914 977 2000 XIX.

516 2170 576 2225 nn
602 2167 914 2224 nncnunrnn.

228 2381 353 2448 Pursco
367 2377 394 2444 si
409 2375 533 2462 credis,
546 2379 710 2445 Maecenas
723 2373 837 2459 docte,
851 2376 1007 2462 Cratino,

227 2489 326 2561 Nulla
341 2489 470 2584 plaeere
484 2489 561 2576 diu,
575 2514 636 2559 nec
649 2490 760 2557 vivere
773 2489 922 2557 earmina
936 2506 1092 2583 possunt,

227 2605 310 2692 Quae
325 2605 515 2673 scribuntur
529 2628 622 2697 aqnae
636 2602 819 2696 potoribus.
836 2607 884 2675 Ut
896 2602 982 2673 male
995 2630 1092 2673 sanos

228 2721 412 2815 Adseripsit
423 2721 525 2789 Liber
538 2719 663 2812 Satyris
678 2721 867 2813 Faunisque
881 2736 1012 2815 poetas,

226 2837 314 2904 Vina
328 2836 395 2905 fere
409 2834 521 2905 dulees
534 2833 692 2904 oluerunt
706 2859 803 2904 mane
818 2838 981 2905 Camenae.

227 2950 397 3020 Laudibus
411 2951 565 3045 arguitur
577 2949 646 3017 vini
660 2950 797 3020 vinosus
810 2954 985 3020 Homerus,

227 3063 354 3132 Ennius
368 3063 437 3156 ipse
452 3077 546 3156 pater
558 3086 760 3155 numquam,
774 3062 839 3132 nisi
855 3080 970 3157 potus,
983 3063 1026 3132 ad
1039 3087 1132 3132 arma

227 3174 385 3244 Prosiluit
398 3175 546 3245 dicenda.
560 3180 712 3244 «Forum
726 3175 903 3270 putealque
917 3178 1057 3247 Libonis

227 3317 244 3351 ι(
253 3288 423 3357 Mandabo
437 3288 549 3373 siccis,
562 3288 708 3357 adimam
723 3305 859 3359 cantare
872 3292 1031 3361 severis.»

226 3403 299 3469 Hoc
313 3399 409 3469 simul
424 3400 530 3487 edixi,
543 3426 611 3469 non
625 3426 791 3472 cessavere
804 3417 910 3497 poetae

227 3518 401 3586 Nocturno
415 3531 540 3586 eertare
553 3541 664 3604 mero,
676 3533 793 3611 putere
808 3519 939 3588 diurno.

227 3627 341 3716 Quid?
354 3629 381 3697 si
396 3630 471 3722 quis
483 3627 578 3699 vultu
593 3644 689 3700 toruo
703 3631 811 3717 ferus,
824 3646 858 3700 et
872 3631 956 3725 pede
970 3630 1079 3714 nudo,

226 3742 427 3835 Exiguaeque
440 3757 524 3837 togae
538 3742 672 3813 simulet
685 3759 810 3814 textore
824 3749 1004 3829 Catonem,

226 3854 434 3925 Virtutemne
448 3873 659 3951 repraesentet
671 3855 849 3952 moresque
861 3857 1022 3929 Catonis?

226 3967 328 4058 Rupit
342 3968 501 4038 Iarbitam
515 3971 707 4066 Timagenis
719 3970 839 4039 aemula
854 3970 986 4066 lingua,

225 4081 314 4147 Dum
329 4082 439 4150 studet
454 4083 621 4171 urbanus,
634 4084 805 4176 tenditque
819 4083 961 4153 disertus
976 4083 1100 4151 haberi.
