3325 5342
243 627 266 699 '.’
288 611 337 669 ¹39
423 606 734 673 SATIRARUM
766 604 923 672 LIBER
955 607 981 673 1.
1016 604 1045 674 3.
1164 605 1228 699 195

242 743 364 809 Praeter
377 736 590 828 Crispinum,
604 733 800 819 sectabitur3
814 736 944 803 etmihi
958 734 1071 804 dulces

241 856 438 947 ignoscent,
452 849 479 916 si
493 848 574 942 quid
589 871 727 941 peccaro
741 846 880 931 stultus,
892 850 1008 934 amici,

241 967 348 1058 Inque
363 963 468 1030 vicem
485 959 620 1029 illorum
635 961 743 1052 patiar
757 958 877 1028 delicta
891 959 1049 1043 libenter,

242 1078 463 1168 Privatusque
476 1075 582 1167 magis
597 1075 705 1140 vivam
720 1088 753 1141 te
768 1098 844 1166 rege
857 1074 982 1142 beatus.

243 1319 791 1342 mmfflfflmmm
795 1319 840 1337 §M

558 1507 803 1594 SATIRA
843 1510 925 1593 IV.

244 1755 412 1835 Euronrs,
424 1763 524 1841 atque
537 1746 715 1829 Cratinus,
729 1744 1050 1839 Aristophanesque,
1064 1765 1184 1842 poetae,

246 1870 353 1957 Atque
366 1861 441 1946 alii,
454 1883 599 1954 quorum
613 1855 778 1927 comoedia
793 1858 902 1950 prisca
915 1859 1064 1927 virorum
1078 1877 1145 1947 est,

244 1979 277 2047 Si
293 1978 367 2070 quis
381 1990 451 2044 erat
464 1975 587 2070 dignus
602 1971 765 2057 describi,
779 1972 870 2064 quod
883 1971 990 2043 malus
1004 1998 1043 2043 ac
1057 1977 1125 2063 fur,

246 2090 346 2179 Quod
359 2089 506 2159 mechus
520 2088 621 2171 foret,
635 2100 695 2155 aut
708 2085 865 2171 sicarius,
877 2101 935 2155 aut
948 2086 1072 2180 alioqui

246 2208 423 2288 Famosus,
436 2200 541 2270 multa
554 2225 631 2271 cum
647 2199 802 2269 libertate
814 2200 984 2269 notabant.

245 2319 333 2384 Hinc
345 2317 455 2385 omnis
469 2314 590 2408 pendet
604 2312 772 2399 Lucilius,
786 2313 886 2381 hosce
899 2327 1048 2397 secutus,

244 2430 382 2499 Mutatis
396 2442 526 2499 tanturn
539 2425 681 2521 pedibus
695 2427 927 2517 numerisque,
941 2424 1083 2510 facetus,

245 2546 414 2612 Emunctae
427 2541 536 2625 naris,
551 2536 655 2608 durus
668 2562 870 2631 componere
883 2563 1006 2608 versus.

245 2660 330 2729 Narn
345 2656 408 2725 luit
421 2656 485 2724 hoc
498 2654 651 2739 vitiosus3
665 2653 700 2721 in
714 2652 797 2721 hora
812 2676 897 2746 saepe
911 2652 1087 2739 ducentos,

245 2775 292 2841 Ut
305 2795 483 2865 magnum,
495 2792 609 2837 versus
623 2766 787 2851 dictabat,
799 2782 890 2835 stans
905 2766 988 2861 pede
1003 2768 1038 2835 in
1052 2792 1130 2835 uno.

245 2888 358 2975 Quum
373 2885 489 2954 flueret
503 2880 705 2966 lutulentus,
717 2896 789 2949 erat
802 2881 894 2976 quod
908 2881 1025 2971 tollere
1038 2880 1155 2966 velles3

245 2997 427 3082 Garrulus,
439 3010 539 3090 atque
552 2997 648 3089 piger
662 2994 827 3064 scribendi
844 2994 929 3063 ferre
944 2993 1110 3079 laborem,

245 3111 417 3181 Scribendi
432 3126 538 3196 recte;
549 3135 645 3195 narn,
659 3125 697 3179 ut
711 3109 872 3197 multum,
887 3110 932 3180 nil
948 3135 1071 3179 moror.
1087 3114 1171 3180 Ecce

246 3228 421 3320 Crispinus
435 3225 574 3293 minimo
588 3249 641 3293 me
655 3240 831 3318 provocat:
847 3267 895 3279 —-
909 3227 1042 3319 Accipe,
1061 3226 1088 3293 si
1105 3227 1171 3310 vis,

247 3341 417 3433 Accipiam
433 3337 569 3407 tabulas.
585 3342 692 3408 Detur
706 3340 803 3409 nobis
817 3339 928 3425 locus,
941 3340 1040 3421 hora,

246 3452 428 3537 Custodes;
441 3452 627 3540 videamus,
641 3467 715 3523 uter
729 3452 804 3547 plus
818 3454 962 3522 scribere
976 3454 1088 3547 possit.
1106 3494 1152 3504 —

246 3568 291 3636 Di
305 3567 389 3635 bene
403 3566 568 3652 lecerunt,
582 3567 692 3661 inopis
707 3593 759 3636 rne
773 3567 930 3661 quodque
945 3566 1056 3659 pusilli

245 3683 271 3747 F
273 3680 428 3748 inxerunt
439 3680 561 3763 animi,
576 3704 652 3747 raro
666 3694 699 3748 et
713 3704 878 3774 perpauca
894 3680 1068 3773 loquentis.

246 3793 291 3860 At
304 3805 341 3860 tu
355 3791 526 3861 conclusas
540 3791 680 3862 hircinis
696 3792 830 3862 follibus
844 3817 959 3873 auras,

245 3908 359 3998 Usque
373 3904 579 3990 laborantes,
593 3905 673 3975 dum
689 3906 812 3976 ferrum
827 3905 957 3974 molliat
971 3905 1075 3997 ignis,

245 4019 292 4085 Ut
306 4020 428 4102 mavis,
442 4018 580 4086 imitare.
596 4022 717 4087 Beatus
730 4019 894 4098 Fannius,
908 4015 996 4083 ultro

1086 4136 1125 4182 13.
