3325 5342
217 730 293 764 ιω
409 711 719 778 SATIRARUM
751 712 963 780 LIBERI.
996 735 1027 805 7.
1127 737 1196 806 209

216 841 399 925 Convenit,
413 836 500 933 (hoc
513 839 634 906 etenim
649 852 725 906 sunt
739 862 854 907 omnes
863 840 939 931 jure
952 840 1098 924 molesti,

217 956 295 1044 Quo
308 954 427 1036 fortes,
441 951 562 1044 quibus
575 948 749 1018 adversum
764 948 888 1018 bellum
903 951 1027 1022 incidit
1041 958 1132 1023 Inter

217 1071 360 1137 Hectora
373 1064 582 1150 Priamiden,
595 1065 781 1132 animosum
796 1079 895 1157 atque
910 1066 995 1134 inter
1007 1067 1169 1137 Achillem

217 1184 273 1249 Ira
287 1181 352 1249 luit
364 1176 533 1270 capitalis,
547 1191 585 1244 ut
598 1175 716 1244 ultima
729 1176 889 1245 divideret
902 1203 1009 1265 mors,

217 1296 296 1365 Non
311 1292 410 1362 aliam
424 1291 467 1359 ob
482 1314 633 1376 causam,
647 1290 710 1358 nisi
726 1290 816 1382 quod
830 1291 936 1359 virtus
951 1293 984 1360 in
998 1307 1139 1387 utroque

215 1411 354 1478 Summa
368 1404 441 1473 fuit.
456 1407 535 1473 Duo
549 1403 577 1471 si
590 1401 757 1471 discordia
771 1418 864 1473 vexet
879 1406 1016 1492 inertes,

216 1522 285 1589 Aut
300 1518 326 1585 si
343 1515 530 1608 disparibus
543 1512 667 1582 bellum
684 1514 824 1602 incidat,
837 1530 875 1583 ut
887 1517 1042 1586 Diomedi

217 1630 303 1701 Cum
318 1628 422 1722 Lycio
437 1626 585 1712 Glauco,
600 1626 746 1695 discedat
759 1628 902 1721 pigrior,
914 1628 1003 1699 ultro

216 1741 412 1820 Muneribus
425 1740 568 1835 missis.)
583 1743 687 1808 Bruto
701 1754 841 1832 praetore
855 1755 985 1811 tenente

217 1858 329 1927 Ditem
344 1854 475 1938 Asiam,
490 1852 604 1947 Rupili
618 1868 652 1922 et
665 1854 756 1922 Persi
771 1878 833 1946 par
846 1870 990 1948 pugnat,
1003 1858 1052 1926 uti
1067 1883 1133 1926 non

218 1969 447 2063 Compositum
462 1965 599 2053 melius,
612 1991 688 2035 oum
703 1965 801 2034 Bitho
815 1965 993 2055 Baochius;
1007 1969 1041 2037 in
1052 1970 1108 2062 jus
1227 1976 1231 1983 ’

219 2087 320 2153 Acies
333 2094 551 2175 procurrunt,
564 2105 724 2175 magnum
738 2080 962 2173 spectaculum
977 2098 1124 2178 uterque.

218 2197 349 2266 Persius
362 2196 496 2288 exponit
509 2219 660 2280 eausam,
674 2194 802 2263 ridetur
815 2194 859 2262 ab
873 2197 965 2263 omni

218 2313 410 2393 Conventu3
424 2307 537 2377 laudat
550 2313 710 2395 Brutum,
723 2306 903 2401 laudatque
916 2308 1104 2397 cohortem;

216 2420 326 2493 Solem
342 2423 427 2521 Asiae
441 2426 582 2492 Brutum
597 2419 759 2516 appellat,
773 2420 949 2516 stellasque
963 2421 1109 2493 salubres

217 2534 372 2630 Appellat
385 2536 540 2623 comites,
553 2550 690 2631 excepto
703 2539 811 2630 Rege3
824 2560 940 2605 canem
954 2535 1066 2623 illum,

218 2648 365 2716 Invisum
380 2647 535 2741 agricolis
550 2647 658 2733 sidus,
671 2647 807 2716 venisse.
822 2648 952 2717 Ruebat
980 2726 982 2732 ¹

217 2757 355 2829 Flumen
369 2775 406 2829 ut
419 2761 615 2847 bibemum‚
629 2761 734 2831 fertur
747 2786 814 2855 quo
828 2786 903 2830 rara
916 2763 1047 2831 securis.

217 2876 302 2942 Tum
317 2876 536 2944 Pranestinus
550 2873 636 2943 salso
650 2873 821 2969 multoque
835 2875 950 2944 liuenti

215 2988 378 3079 Expressa
390 2987 526 3056 arbusto
541 2987 661 3082 regerit
675 2987 842 3073 convicia,
856 2987 959 3056 durus

214 3099 462 3186 Vindemiat0r‚
475 3116 508 3169 et
521 3101 681 3187 invictus,
694 3101 748 3169 eui
763 3125 848 3194 saepe
862 3102 969 3170 viator

92 3230 96 3239 ’
214 3212 392 3298 cessisset,
405 3236 525 3306 magna
539 3212 740 3307 compellans
753 3238 834 3283 voce
847 3213 1021 3284 cucullum.

214 3327 261 3394 At
275 3327 429 3412 Graecus,
442 3340 615 3420 postquam
630 3342 679 3397 est
692 3326 777 3397 Italo
791 3329 943 3422 perfusus
956 3344 1066 3414 aceto,

214 3439 346 3508 Persius
359 3437 537 3508 exclamat:
552 3468 570 3503 u
579 3442 642 3508 Per
655 3466 811 3535 magnos,
825 3445 944 3528 Brute,
957 3444 1046 3510 Deos
1059 3457 1092 3511 te

212 3579 231 3614 α
240 3554 329 3638 Oro,
342 3554 400 3646 qui
415 3578 507 3648 reges
521 3553 690 3623 consueris
704 3554 838 3641 tollere,
851 3580 911 3625 cur
924 3580 991 3623 non

211 3666 1181 3764 aHunoRegemjugulasioperumboe,mihicrede,tuomm
1188 3686 1269 3742 est.»
