3325 5342
504 731 722 799 EPODON
755 733 922 799 LIBER.
1141 726 1205 798 155

221 977 1209 1001 mmmmmwummmmm

574 1186 717 1272 ODE
757 1186 857 1270 III.

522 1444 582 1497 AD
609 1440 921 1499 MAECENATEM.

321 1658 496 1723 Pinssrms
510 1650 590 1719 olim
607 1651 633 1718 si
649 1651 724 1743 quis
739 1650 843 1743 impia
857 1675 957 1721 manu

417 1765 527 1836 senile
541 1779 658 1859 guttur
673 1762 827 1858 fregerit,

251 1896 256 1907 ’
324 1881 400 1950 Edit
414 1882 530 1951 cicutis
544 1878 659 1948 allium
675 1878 859 1948 nocentius.

421 1998 453 2064 Ο
467 1994 550 2062 dura
565 2017 749 2063 messorum
764 1989 838 2060 ilia!

325 2108 417 2197 Quid
432 2109 495 2177 hoc
508 2109 625 2177 veneni
641 2107 733 2177 saevit
746 2107 780 2174 in
796 2106 1010 2200 praecordiis?

420 2226 510 2294 Num
524 2224 695 2318 viperinus
708 2223 761 2291 his
775 2247 876 2291 cruor

326 2341 478 2406 Incoctus
493 2336 604 2405 herbis
618 2361 672 2405 me
686 2333 825 2405 fefellit?
838 2359 881 2403 an
896 2335 999 2405 malas

421 2448 563 2520 Canidia
576 2451 732 2519 tractavit
745 2447 869 2543 dapes?

327 2566 374 2632 Ut
387 2565 595 2657 Argonautas
609 2576 728 2657 praeter
743 2587 859 2632 omnes
873 2562 1052 2632 candidum

425 2674 544 2745 Medea
558 2677 676 2745 mirata
690 2691 739 2746 est
755 2677 893 2763 ducem,

328 2793 445 2883 Ignota
459 2790 564 2859 tauris
575 2787 782 2884 illigaturum
794 2791 895 2886 juga,

423 2905 581 2972 Perunxit
596 2903 661 2972 hoc
674 2907 845 2992 Iasonem3

328 3020 399 3086 Hoc
413 3016 569 3087 delibutis
583 3016 655 3086 ulta
670 3017 767 3086 donis
781 3017 952 3112 pellicem,

425 3134 583 3227 Serpenoe
597 3131 685 3226 fugit
697 3129 786 3202 alite.

329 3246 399 3315 Nec
412 3258 525 3315 tamus
539 3269 699 3340 umquam
714 3246 860 3316 siderum
876 3244 998 3315 insedit
1011 3270 1114 3337 vapor

427 3358 610 3429 Siticuiosae
622 3362 769 3455 Apuliae3

330 3476 400 3545 Nee
414 3499 536 3544 munus
551 3476 698 3546 humeris
712 3476 856 3547 efficacis
871 3475 1024 3546 Herculis

427 3589 550 3658 lnarsit
563 3592 745 3660 aestuosius.

331 3704 391 3787 At,
405 3703 431 3770 si
446 3700 528 3796 quid
542 3728 702 3797 umquam
717 3704 782 3774 tale
794 3704 1043 3798 eoncupiveris‚

427 3819 543 3886 Joeose
556 3820 740 3903 Maecenas,
753 3842 889 3912 precor,

332 3930 470 3998 Manum
486 3928 597 4023 puella
611 3932 701 4000 savio
716 3944 865 4024 opponat
878 3943 955 4013 tuo,

427 4048 585 4115 Extrema
598 4060 631 4115 et
646 4048 680 4114 in
696 4047 827 4140 sponda
837 4044 944 4114 cubet.

750 4222 760 4255 s
