3325 5342
415 699 480 769 138
637 700 679 786 Q.
712 698 938 766 HORATII
970 698 1165 767 FLACCI

552 831 628 900 Non
644 825 797 898 incendia
809 824 1025 919 Carthaginis
1038 826 1166 920 impie,

551 945 649 1037 Ejus,
662 941 720 1036 qui
735 940 862 1009 domita
876 964 997 1010 nomen
1011 941 1054 1009 ab
1069 941 1183 1012 Africa

552 1061 716 1127 Lucratus
729 1047 845 1141 rediit,
858 1053 980 1124 clarius
994 1054 1143 1125 indicant

551 1170 699 1256 Laudes,
713 1193 813 1262 quam
827 1166 979 1238 Caiabrae
992 1168 1157 1256 Pierides3
1171 1195 1277 1266 neque

552 1284 587 1352 Si
602 1282 724 1352 chaire
737 1279 856 1352 sileant
869 1280 960 1374 quod
972 1281 1058 1352 bene
1071 1281 1204 1369 feceris,

554 1396 740 1465 Mercedem
756 1393 879 1463 tuleris.
894 1394 987 1482 Quid
1001 1393 1088 1464 foret
1101 1394 1172 1465 lliae

551 1510 777 1603 Mavortisque
791 1532 889 1602 puer,
903 1509 929 1575 si
944 1508 1154 1579 taciturnitas

552 1623 709 1692 Obstaret
722 1621 848 1692 meritis
862 1620 975 1689 invida
988 1619 1147 1692 Romuli?

552 1740 710 1830 Ereptum
724 1736 846 1829 Stygiis
860 1734 1016 1804 fluctibus
1030 1738 1166 1804 AEacum

551 1850 683 1935 Virtus,
696 1863 729 1918 et
744 1849 852 1934 favor,
864 1862 899 1916 et
913 1847 1028 1943 iingua
1041 1849 1228 1943 potentium

551 1966 674 2032 Vatum
688 1961 847 2030 divitibus
860 1976 1032 2030 consecrat
1046 1961 1170 2031 insulis.

550 2074 700 2167 Dignum
715 2072 812 2143 laude
826 2075 935 2142 virum
950 2078 1048 2143 Musa
1061 2089 1150 2142 vetat
1164 2075 1270 2158 mori,

550 2183 643 2254 coeto
657 2188 754 2254 Musa
768 2186 853 2255 beat
868 2187 923 2256 Sic
935 2186 1026 2255 Jovis
1041 2185 1177 2254 interest

550 2299 683 2391 Optatis
696 2298 803 2392 epulis
818 2301 960 2394 impiger
973 2299 1149 2386 Hercules3

551 2410 687 2482 Clarum
701 2412 900 2506 Tyndaride
912 2414 1004 2484 sidus
1017 2413 1060 2482 ab
1075 2412 1200 2482 infimis

552 2527 696 2613 Quassas
709 2527 857 2619 eripiunt
870 2526 1060 2620 equoribus
1074 2540 1178 2610 rates3

551 2642 699 2709 Ornatus
712 2640 810 2708 viridi
825 2655 976 2735 tempora
990 2641 1148 2735 pampino

551 2753 653 2822 Liber
666 2770 742 2825 vota
757 2756 863 2824 bonos
878 2755 971 2824 ducit
984 2755 1027 2824 ad
1041 2755 1157 2824 exitus.

407 3027 661 3050 mmmm
1070 3025 1299 3048 ΜΜΜΜ
1302 3024 1393 3046 ΜΝ

759 3246 1037 3342 ODEIX„

741 3527 802 3580 in
829 3499 1097 3581 LOLLIUM.*

549 3769 602 3838 ΝΕ
617 3729 702 3838 iorte
715 3767 1037 3852 eredas-interitura,
1051 3789 1124 3859 quae

549 3884 665 3976 longe
678 3897 851 3954 sonantem
866 3897 965 3952 natus
977 3880 1021 3951 ad
1034 3880 1214 3964 Aufidum,

597 3996 675 4065 Non
688 4010 766 4065 ante
778 3995 929 4089 vulgatas
943 4021 1003 4089 per
1015 4009 1105 4064 artes

645 4107 755 4174 Verba
769 4105 890 4199 loquor
903 4106 1059 4176 socianda
1073 4105 1219 4175 chordis.
