3325 5342
381 743 443 813 ,γι
605 724 647 806 Q.
679 720 903 788 nonsart
935 722 1127 788 rcxccr

422 850 538 917 Ratcrn
553 872 715 940 occupare
727 846 809 940 quid
823 872 994 916 moramur
1007 848 1107 917 alite?

372 964 436 1031 Sed
447 965 596 1056 juremus
611 963 644 1029 in
659 961 746 1029 haec:
761 959 858 1029 simul
874 962 949 1030 imis
962 987 1039 1030 saxa
1053 966 1202 1033 renarint

421 1075 524 1143 Vadis
538 1073 660 1159 levata,
674 1098 715 1141 ne
731 1072 839 1142 redire
852 1075 894 1141 sit
908 1073 1017 1160 nefas,

373 1191 446 1257 Neu
459 1210 617 1256 conversa
631 1185 767 1254 domum
781 1186 893 1280 pigeat
905 1184 984 1255 dare
998 1185 1117 1275 lintea,
1130 1190 1265 1283 quando

419 1302 528 1370 Padus
541 1300 670 1370 Matina
684 1298 800 1369 laverit
815 1302 1005 1388 cacumina;

372 1418 411 1481 ln
426 1438 516 1482 mare
529 1438 586 1481 seu
599 1411 704 1481 celsus
718 1414 924 1505 procurserit
936 1415 1148 1507 Apenninus3

419 1529 579 1619 Novaque
592 1541 739 1594 monstra
748 1526 898 1618 junxerit
910 1523 1051 1595 libidine

372 1640 480 1708 Mirus
493 1663 604 1723 amor,
614 1638 707 1731 juvet
718 1651 756 1706 ut
769 1637 872 1731 tigres
885 1637 1056 1708 subsidere
1069 1640 1190 1725 cervis,

420 1750 632 1823 Adultcretur
644 1764 677 1819 et
689 1749 844 1819 columba
858 1749 981 1837 miluo;

372 1863 517 1935 Credula
530 1888 590 1932 nec
603 1862 704 1931 ssavos
718 1863 858 1931 timeant
870 1879 1022 1932 armenta
1037 1863 1164 1949 leones,

420 1981 580 2071 Ametque
593 1976 677 2046 salsa
689 1975 770 2045 levis
783 1977 897 2046 hircus
910 2002 1054 2072 aequora.

372 2096 467 2179 Haec,
479 2107 512 2159 et
524 2116 596 2184 quae
609 2104 766 2183 potemnt
780 2090 907 2161 reditus
920 2091 1113 2160 abscindere
1127 2091 1256 2175 dulces,

421 2208 542 2273 Eamm
555 2204 664 2272 omnis
677 2219 844 2272 exsecrata
856 2204 991 2290 civitas,

373 2322 439 2386 Aut
452 2342 528 2411 pars
541 2316 677 2387 indocili
691 2316 810 2387 melior
823 2343 941 2413 grege;
954 2317 1065 2388 mollis
1078 2332 1112 2387 ct
1124 2342 1237 2412 exspes

421 2431 607 2499 Inominata
621 2432 804 2525 perprimat
818 2430 951 2500 cubilia.

373 2551 459 2633 Vos,
471 2546 592 2638 quibus
605 2562 655 2616 est
668 2548 790 2635 virtus,
803 2546 1000 2616 muliebrem
1014 2546 1120 2617 tollite
1133 2546 1277 2635 luctum,

421 2663 559 2728 Etrusca
572 2675 692 2754 praeter
704 2675 738 2729 et
750 2659 859 2729 volate
872 2659 982 2729 litora.

373 2774 443 2842 Nos
456 2787 568 2841 manet
579 2777 732 2842 Oceanus
746 2775 995 2867 circumvagos,
1008 2798 1104 2860 arva,
1117 2774 1213 2842 beata

420 2888 574 2954 Petamus
587 2910 683 2973 arva,
696 2887 814 2956 divites
828 2901 862 2956 et
874 2884 1015 2971 insulas,

374 2999 494 3068 Reddit
508 3000 565 3069 ubi
578 3004 733 3071 Cererem
747 2999 844 3070 tellus
859 2998 985 3067 inarata
999 2999 1193 3092 quotannis,

420 3115 463 3180 Et
477 3113 636 3205 imputata
650 3113 746 3182 llorat
759 3138 865 3207 usque
878 3111 991 3196 vinea,

373 3227 548 3295 Germinat
560 3241 593 3295 et
605 3253 787 3321 numquam
802 3226 948 3296 fallentis
961 3240 1081 3293 termes
1095 3223 1208 3313 olivae,

420 3343 586 3432 Suamque
599 3339 689 3433 pulla
704 3340 786 3409 ficus
798 3354 899 3409 ornat
911 3339 1083 3424 arborem,

372 3451 474 3520 Mella
487 3477 567 3521 cava
579 3468 716 3522 manant
728 3479 768 3522 ex
783 3452 876 3539 ilice,
890 3451 1062 3521 montibus
1074 3450 1150 3520 altis

422 3566 519 3634 Levis
531 3582 686 3661 crepante
699 3566 835 3662 lympha
848 3565 960 3636 desilit
972 3566 1065 3659 pede.

374 3679 446 3747 lllic
459 3681 590 3771 injusaae
603 3682 741 3750 veniunt
754 3683 797 3750 ad
810 3679 955 3750 mulctra
968 3678 1119 3773 capellae,

421 3790 599 3884 Refertque
612 3807 703 3861 tenta
716 3818 797 3888 grex
809 3795 937 3862 amicus
950 3793 1071 3873 ubera;

373 3906 443 3973 Nec
455 3904 660 3996 vespertinus
672 3906 905 4001 circumgemit
917 3931 1015 3974 ursus
1029 3904 1133 3989 ovile,

421 4019 491 4086 Nec
505 4016 695 4087 intumescit
707 4017 773 4088 alta
786 4021 911 4112 viperis
926 4019 1056 4086 humus.
1163 4073 1166 4079 .

375 4129 539 4222 Pluraque
552 4127 662 4196 felices
676 4131 888 4215 mirabimur,
901 4145 938 4199 ut
953 4155 1060 4222 nequa
1074 4128 1175 4223 largis
