3325 5342
428 608 491 679 162
652 615 694 700 Q.
725 613 947 681 HORATII
979 614 1172 683 FLACCI

613 745 799 835 Umquam,
812 743 876 810 nisi
890 743 925 809 in
940 742 1067 836 dispar,
1081 743 1166 813 seris.

518 859 667 931 Furorne
679 878 801 940 eaecus,
813 879 857 923 an
873 856 959 948 rapit
972 857 1022 924 vis
1034 857 1165 925 acrior?

612 971 663 1037 An
677 966 796 1061 culpa?
808 992 1004 1062 responsum
1019 968 1103 1039 date

515 1087 657 1169 Taoent,
668 1096 701 1150 et
713 1079 808 1151 albus
820 1107 881 1151 om
893 1080 1001 1176 pallor
1015 1082 1138 1170 inficit,

610 1199 805 1291 Montesque
818 1194 975 1290 pereulsae
988 1210 1130 1291 stupent

514 1311 568 1379 Sic
581 1324 646 1395 est3
658 1310 776 1379 aoerba
788 1309 856 1378 fata
868 1312 1037 1378 Romanos
1051 1326 1173 1405 agunt,

609 1420 786 1513 scelusque
799 1421 952 1489 fraternas
965 1422 1071 1507 neeis,

513 1536 560 1601 Ut
574 1534 774 1603 immerentis
787 1533 883 1601 fluxit
897 1534 932 1600 in
945 1547 1068 1602 terram
1082 1534 1177 1601 Remi

608 1649 706 1714 Sacer
719 1646 895 1738 nepotibus
909 1670 1017 1714 eruor.

415 1892 823 1914 mmmmm

739 2087 883 2174 ODE
925 2090 1078 2174 VIII.

624 2337 672 2392 IN
699 2337 834 2393 ANUM
862 2336 1190 2399 LIBIDINOSAM.

510 2548 659 2613 Rouana
673 2540 774 2636 longo
788 2542 939 2636 putidam
953 2558 986 2613 te
1000 2545 1136 2636 seculo,

605 2655 702 2725 Vires
715 2654 797 2748 quid
811 2670 945 2725 enervet
958 2655 1063 2725 meas!

509 2771 624 2857 Quum
638 2769 680 2837 sit
694 2768 754 2836 tibi
769 2768 850 2836 dens
863 2783 949 2855 ater,
961 2783 994 2837 et
1008 2771 1099 2864 rugis
1112 2786 1204 2839 vetus

604 2885 762 2950 Frontem
776 2894 925 2949 senectus
938 2895 1066 2967 exaret,

508 2996 649 3089 Hietque
663 2995 769 3088 turpis
782 2995 869 3063 inter
881 2992 991 3062 aridas
1004 3010 1095 3063 nates

606 3108 734 3193 Podex‚
747 3107 838 3177 velut
851 3106 961 3176 erudae
974 3106 1077 3176 bovis.

507 3223 571 3292 Sed
586 3223 700 3292 incitat
714 3247 766 3291 me
778 3236 913 3316 pectus,
926 3235 959 3290 et
972 3246 1124 3291 mammae
1137 3239 1266 3316 putres,

602 3337 733 3430 Equina
747 3336 861 3430 quales
874 3336 995 3421 ubera,

507 3450 696 3542 Venterque
709 3447 836 3536 mollis,
848 3464 882 3517 et
895 3447 1004 3516 femur
1018 3450 1220 3519 tumentibus

602 3562 695 3632 Exile
709 3563 793 3631 suris
806 3562 968 3632 additum.

506 3677 586 3742 Esto
598 3675 711 3762 beata,
725 3674 824 3744 funus
837 3690 937 3768 atque
951 3674 1113 3768 imagines

602 3790 736 3857 Ducant
750 3786 966 3882 triumphales
979 3802 1093 3874 tuum;

506 3902 574 3970 Nec
588 3904 631 3970 sit
643 3904 779 3989 marita,
790 3928 864 3996 quta
878 3902 1129 3972 rotundioribus

601 4018 730 4083 Onusta
744 4016 854 4085 baccis
866 4015 1022 4084 ambulet.
