<?xml version="1.0" encoding="UTF-8"?>
<!DOCTYPE html PUBLIC "-//W3C//DTD XHTML 1.0 Transitional//EN"
    "http://www.w3.org/TR/xhtml1/DTD/xhtml1-transitional.dtd">
<html xmlns="http://www.w3.org/1999/xhtml" xml:lang="en" lang="en">
 <head>
  <title>
</title>
<meta http-equiv="Content-Type" content="text/html;charset=utf-8" />
  <meta name='ocr-system' content='tesseract 3.04.00' />
  <meta name='ocr-capabilities' content='ocr_page ocr_carea ocr_par ocr_line ocrx_word'/>
</head>
<body>
  <div class='ocr_page' id='page_1' title='image "./quintushoratius00didogoog_0026.png"; bbox 0 0 3325 5342; ppageno 0'>
   <div class='ocr_carea' id='block_1_1' title="bbox 487 740 506 784">
    <p class='ocr_par' dir='ltr' id='par_1_1' title="bbox 487 740 506 784">
     <span class='ocr_line' id='line_1_1' title="bbox 487 740 506 784; baseline 0 0"><span class='ocrx_word' id='word_1_1' title='bbox 487 740 506 784; x_wconf 77' lang='lat'>2</span> 
     </span>
    </p>
   </div>
   <div class='ocr_carea' id='block_1_2' title="bbox 714 712 1237 801">
    <p class='ocr_par' dir='ltr' id='par_1_2' title="bbox 714 712 1237 801">
     <span class='ocr_line' id='line_1_2' title="bbox 714 712 1237 801; baseline -0.006 -19"><span class='ocrx_word' id='word_1_2' title='bbox 714 716 756 801; x_wconf 87' lang='lat' dir='ltr'>Q.</span> <span class='ocrx_word' id='word_1_3' title='bbox 789 712 1013 781; x_wconf 72' lang='lat' dir='ltr'>uonn‘ru</span> <span class='ocrx_word' id='word_1_4' title='bbox 1044 712 1237 780; x_wconf 69' lang='lat' dir='ltr'>ennom</span> 
     </span>
    </p>
   </div>
   <div class='ocr_carea' id='block_1_3' title="bbox 603 840 1265 1159">
    <p class='ocr_par' dir='ltr' id='par_1_3' title="bbox 603 840 1265 1159">
     <span class='ocr_line' id='line_1_3' title="bbox 604 840 1255 937; baseline -0.008 -24"><span class='ocrx_word' id='word_1_5' title='bbox 604 847 772 937; x_wconf 79' lang='lat' dir='ltr'><strong>Myrtoum</strong></span> <span class='ocrx_word' id='word_1_6' title='bbox 788 840 927 935; x_wconf 84' lang='lat' dir='ltr'>pavidus</span> <span class='ocrx_word' id='word_1_7' title='bbox 942 853 1042 908; x_wconf 74' lang='lat' dir='ltr'>nauta</span> <span class='ocrx_word' id='word_1_8' title='bbox 1056 854 1142 908; x_wconf 86' lang='lat' dir='ltr'>secet</span> <span class='ocrx_word' id='word_1_9' title='bbox 1155 864 1255 908; x_wconf 83' lang='lat' dir='ltr'>mare.</span> 
     </span>
     <span class='ocr_line' id='line_1_4' title="bbox 604 950 1265 1025; baseline -0.005 0"><span class='ocrx_word' id='word_1_10' title='bbox 604 960 801 1025; x_wconf 74' lang='lat' dir='ltr'>Luctantem</span> <span class='ocrx_word' id='word_1_11' title='bbox 815 952 931 1022; x_wconf 80' lang='lat' dir='ltr'>Icariis</span> <span class='ocrx_word' id='word_1_12' title='bbox 945 950 1100 1021; x_wconf 85' lang='lat' dir='ltr'>fluctibus</span> <span class='ocrx_word' id='word_1_13' title='bbox 1115 952 1265 1022; x_wconf 83' lang='lat' dir='ltr'>Africum</span> 
     </span>
     <span class='ocr_line' id='line_1_5' title="bbox 603 1062 1244 1159; baseline -0.006 -23"><span class='ocrx_word' id='word_1_14' title='bbox 603 1071 769 1137; x_wconf 78' lang='lat' dir='ltr'>Memator</span> <span class='ocrx_word' id='word_1_15' title='bbox 783 1079 950 1150; x_wconf 87' lang='lat' dir='ltr'>metuens,</span> <span class='ocrx_word' id='word_1_16' title='bbox 963 1064 1068 1134; x_wconf 89' lang='lat' dir='ltr'>otium</span> <span class='ocrx_word' id='word_1_17' title='bbox 1083 1078 1116 1134; x_wconf 84' lang='lat' dir='ltr'>et</span> <span class='ocrx_word' id='word_1_18' title='bbox 1129 1062 1244 1159; x_wconf 87' lang='lat' dir='ltr'>oppidi</span> 
     </span>
    </p>
   </div>
   <div class='ocr_carea' id='block_1_4' title="bbox 595 1178 1349 3395">
    <p class='ocr_par' dir='ltr' id='par_1_4' title="bbox 602 1178 1233 1384">
     <span class='ocr_line' id='line_1_6' title="bbox 603 1178 1221 1263; baseline -0.005 -13"><span class='ocrx_word' id='word_1_19' title='bbox 603 1179 734 1250; x_wconf 83' lang='lat' dir='ltr'>Laudat</span> <span class='ocrx_word' id='word_1_20' title='bbox 749 1205 826 1247; x_wconf 83' lang='lat' dir='ltr'>rura</span> <span class='ocrx_word' id='word_1_21' title='bbox 839 1179 909 1263; x_wconf 88' lang='lat' dir='ltr'>sui;</span> <span class='ocrx_word' id='word_1_22' title='bbox 925 1204 1002 1247; x_wconf 83' lang='lat' dir='ltr'>mox</span> <span class='ocrx_word' id='word_1_23' title='bbox 1017 1178 1122 1246; x_wconf 77' lang='lat' dir='ltr'>reficit</span> <span class='ocrx_word' id='word_1_24' title='bbox 1137 1192 1221 1247; x_wconf 86' lang='lat' dir='ltr'>rates</span> 
     </span>
     <span class='ocr_line' id='line_1_7' title="bbox 602 1290 1233 1384; baseline -0.01 -21"><span class='ocrx_word' id='word_1_25' title='bbox 602 1296 765 1381; x_wconf 77' lang='lat' dir='ltr'>Quassus,</span> <span class='ocrx_word' id='word_1_26' title='bbox 780 1290 934 1360; x_wconf 82' lang='lat' dir='ltr'>indocilis</span> <span class='ocrx_word' id='word_1_27' title='bbox 949 1291 1138 1384; x_wconf 83' lang='lat' dir='ltr'>pauperiem</span> <span class='ocrx_word' id='word_1_28' title='bbox 1155 1291 1233 1383; x_wconf 84' lang='lat' dir='ltr'>pati.</span> 
     </span>
    </p>

    <p class='ocr_par' dir='ltr' id='par_1_5' title="bbox 601 1401 1237 1498">
     <span class='ocr_line' id='line_1_8' title="bbox 601 1401 1237 1498; baseline -0.008 -24"><span class='ocrx_word' id='word_1_29' title='bbox 601 1409 661 1474; x_wconf 85' lang='lat' dir='ltr'>Est</span> <span class='ocrx_word' id='word_1_30' title='bbox 674 1406 732 1498; x_wconf 90' lang='lat' dir='ltr'>qui</span> <span class='ocrx_word' id='word_1_31' title='bbox 746 1429 807 1472; x_wconf 88' lang='lat' dir='ltr'>nec</span> <span class='ocrx_word' id='word_1_32' title='bbox 820 1403 940 1471; x_wconf 77' lang='lat' dir='ltr'>veteris</span> <span class='ocrx_word' id='word_1_33' title='bbox 954 1401 1073 1495; x_wconf 80' lang='lat' dir='ltr'>pocula</span> <span class='ocrx_word' id='word_1_34' title='bbox 1086 1401 1237 1488; x_wconf 72' lang='lat' dir='ltr'>Moesici,</span> 
     </span>
    </p>

    <p class='ocr_par' dir='ltr' id='par_1_6' title="bbox 598 1513 1340 2392">
     <span class='ocr_line' id='line_1_9' title="bbox 601 1513 1201 1608; baseline -0.007 -23"><span class='ocrx_word' id='word_1_35' title='bbox 601 1519 671 1586; x_wconf 87' lang='lat' dir='ltr'>Nec</span> <span class='ocrx_word' id='word_1_36' title='bbox 685 1529 810 1608; x_wconf 84' lang='lat' dir='ltr'>partem</span> <span class='ocrx_word' id='word_1_37' title='bbox 827 1513 934 1582; x_wconf 90' lang='lat' dir='ltr'>solido</span> <span class='ocrx_word' id='word_1_38' title='bbox 949 1514 1079 1582; x_wconf 88' lang='lat' dir='ltr'>demere</span> <span class='ocrx_word' id='word_1_39' title='bbox 1092 1513 1134 1582; x_wconf 90' lang='lat' dir='ltr'>de</span> <span class='ocrx_word' id='word_1_40' title='bbox 1148 1513 1201 1581; x_wconf 87' lang='lat' dir='ltr'>die</span> 
     </span>
     <span class='ocr_line' id='line_1_10' title="bbox 600 1626 1340 1722; baseline -0.004 -24"><span class='ocrx_word' id='word_1_41' title='bbox 600 1629 751 1722; x_wconf 83' lang='lat' dir='ltr'>Spernit,</span> <span class='ocrx_word' id='word_1_42' title='bbox 765 1652 855 1696; x_wconf 90' lang='lat' dir='ltr'>nunc</span> <span class='ocrx_word' id='word_1_43' title='bbox 868 1626 968 1695; x_wconf 88' lang='lat' dir='ltr'>viridi</span> <span class='ocrx_word' id='word_1_44' title='bbox 983 1627 1132 1695; x_wconf 86' lang='lat' dir='ltr'>membra</span> <span class='ocrx_word' id='word_1_45' title='bbox 1145 1628 1207 1695; x_wconf 88' lang='lat' dir='ltr'>sub</span> <span class='ocrx_word' id='word_1_46' title='bbox 1221 1627 1340 1696; x_wconf 83' lang='lat' dir='ltr'>arbuto</span> 
     </span>
     <span class='ocr_line' id='line_1_11' title="bbox 600 1741 1333 1835; baseline -0.004 -24"><span class='ocrx_word' id='word_1_47' title='bbox 600 1746 746 1833; x_wconf 77' lang='lat' dir='ltr'>Stratus,</span> <span class='ocrx_word' id='word_1_48' title='bbox 760 1764 849 1809; x_wconf 86' lang='lat' dir='ltr'>nunc</span> <span class='ocrx_word' id='word_1_49' title='bbox 863 1741 906 1809; x_wconf 84' lang='lat' dir='ltr'>ad</span> <span class='ocrx_word' id='word_1_50' title='bbox 919 1764 1013 1835; x_wconf 84' lang='lat' dir='ltr'>aquae</span> <span class='ocrx_word' id='word_1_51' title='bbox 1027 1741 1100 1810; x_wconf 87' lang='lat' dir='ltr'>lene</span> <span class='ocrx_word' id='word_1_52' title='bbox 1113 1755 1213 1835; x_wconf 85' lang='lat' dir='ltr'>eaput</span> <span class='ocrx_word' id='word_1_53' title='bbox 1226 1762 1333 1809; x_wconf 82' lang='lat' dir='ltr'>sacrae.</span> 
     </span>
     <span class='ocr_line' id='line_1_12' title="bbox 600 1838 1236 1946; baseline -0.006 -20"><span class='ocrx_word' id='word_1_54' title='bbox 600 1853 725 1927; x_wconf 88' lang='lat' dir='ltr'>Multos</span> <span class='ocrx_word' id='word_1_55' title='bbox 737 1838 846 1923; x_wconf 74' lang='lat' dir='ltr'>eastra</span> <span class='ocrx_word' id='word_1_56' title='bbox 856 1854 992 1946; x_wconf 84' lang='lat' dir='ltr'>juvant,</span> <span class='ocrx_word' id='word_1_57' title='bbox 1005 1869 1038 1922; x_wconf 91' lang='lat' dir='ltr'>et</span> <span class='ocrx_word' id='word_1_58' title='bbox 1052 1854 1135 1923; x_wconf 93' lang='lat' dir='ltr'>lituo</span> <span class='ocrx_word' id='word_1_59' title='bbox 1149 1854 1236 1922; x_wconf 82' lang='lat' dir='ltr'>tuhae</span> 
     </span>
     <span class='ocr_line' id='line_1_13' title="bbox 600 1967 1284 2063; baseline -0.001 -26"><span class='ocrx_word' id='word_1_60' title='bbox 600 1970 785 2041; x_wconf 86' lang='lat' dir='ltr'>Permixtus</span> <span class='ocrx_word' id='word_1_61' title='bbox 799 1969 945 2054; x_wconf 88' lang='lat' dir='ltr'>sonitus,</span> <span class='ocrx_word' id='word_1_62' title='bbox 959 1967 1109 2063; x_wconf 86' lang='lat' dir='ltr'>bellaque</span> <span class='ocrx_word' id='word_1_63' title='bbox 1123 1968 1284 2037; x_wconf 82' lang='lat' dir='ltr'>matribus</span> 
     </span>
     <span class='ocr_line' id='line_1_14' title="bbox 599 2080 1213 2175; baseline -0.002 -25"><span class='ocrx_word' id='word_1_64' title='bbox 599 2084 777 2150; x_wconf 80' lang='lat' dir='ltr'>Detestuta.</span> <span class='ocrx_word' id='word_1_65' title='bbox 792 2084 909 2151; x_wconf 78' lang='lat' dir='ltr'>Manet</span> <span class='ocrx_word' id='word_1_66' title='bbox 922 2081 984 2150; x_wconf 86' lang='lat' dir='ltr'>sub</span> <span class='ocrx_word' id='word_1_67' title='bbox 997 2085 1078 2150; x_wconf 86' lang='lat' dir='ltr'>Jove</span> <span class='ocrx_word' id='word_1_68' title='bbox 1090 2080 1213 2175; x_wconf 81' lang='lat' dir='ltr'>fn‘gido</span> 
     </span>
     <span class='ocr_line' id='line_1_15' title="bbox 599 2195 1267 2289; baseline -0.001 -27"><span class='ocrx_word' id='word_1_69' title='bbox 599 2197 763 2279; x_wconf 84' lang='lat' dir='ltr'>Venator,</span> <span class='ocrx_word' id='word_1_70' title='bbox 777 2208 897 2263; x_wconf 85' lang='lat' dir='ltr'>tenerae</span> <span class='ocrx_word' id='word_1_71' title='bbox 910 2195 1062 2289; x_wconf 81' lang='lat' dir='ltr'>conjugis</span> <span class='ocrx_word' id='word_1_72' title='bbox 1077 2195 1267 2278; x_wconf 87' lang='lat' dir='ltr'>immemor,</span> 
     </span>
     <span class='ocr_line' id='line_1_16' title="bbox 598 2306 1234 2392; baseline 0 -16"><span class='ocrx_word' id='word_1_73' title='bbox 598 2310 662 2376; x_wconf 87' lang='lat' dir='ltr'>Seu</span> <span class='ocrx_word' id='word_1_74' title='bbox 677 2309 746 2375; x_wconf 87' lang='lat' dir='ltr'>visa</span> <span class='ocrx_word' id='word_1_75' title='bbox 759 2322 808 2377; x_wconf 86' lang='lat' dir='ltr'>est</span> <span class='ocrx_word' id='word_1_76' title='bbox 821 2308 940 2377; x_wconf 79' lang='lat' dir='ltr'>catulis</span> <span class='ocrx_word' id='word_1_77' title='bbox 953 2331 1049 2377; x_wconf 83' lang='lat' dir='ltr'>cerva</span> <span class='ocrx_word' id='word_1_78' title='bbox 1064 2306 1234 2392; x_wconf 86' lang='lat' dir='ltr'>fidelibus,</span> 
     </span>
    </p>

    <p class='ocr_par' dir='ltr' id='par_1_7' title="bbox 595 2419 1349 3395">
     <span class='ocr_line' id='line_1_17' title="bbox 599 2419 1274 2517; baseline 0 -28"><span class='ocrx_word' id='word_1_79' title='bbox 599 2423 663 2489; x_wconf 91' lang='lat' dir='ltr'>Seu</span> <span class='ocrx_word' id='word_1_80' title='bbox 678 2421 769 2514; x_wconf 90' lang='lat' dir='ltr'>rupit</span> <span class='ocrx_word' id='word_1_81' title='bbox 782 2435 900 2490; x_wconf 87' lang='lat' dir='ltr'>teretes</span> <span class='ocrx_word' id='word_1_82' title='bbox 913 2424 1044 2490; x_wconf 87' lang='lat' dir='ltr'>Marsus</span> <span class='ocrx_word' id='word_1_83' title='bbox 1058 2445 1138 2514; x_wconf 81' lang='lat' dir='ltr'>aper</span> <span class='ocrx_word' id='word_1_84' title='bbox 1151 2419 1274 2517; x_wconf 81' lang='lat' dir='ltr'>plagas.</span> 
     </span>
     <span class='ocr_line' id='line_1_18' title="bbox 598 2532 1309 2627; baseline 0.004 -27"><span class='ocrx_word' id='word_1_85' title='bbox 598 2536 655 2601; x_wconf 88' lang='lat' dir='ltr'>Me</span> <span class='ocrx_word' id='word_1_86' title='bbox 669 2532 841 2603; x_wconf 89' lang='lat' dir='ltr'>doctarum</span> <span class='ocrx_word' id='word_1_87' title='bbox 856 2532 984 2603; x_wconf 86' lang='lat' dir='ltr'>hederae</span> <span class='ocrx_word' id='word_1_88' title='bbox 999 2534 1134 2627; x_wconf 84' lang='lat' dir='ltr'>praemia</span> <span class='ocrx_word' id='word_1_89' title='bbox 1148 2533 1309 2603; x_wconf 82' lang='lat' dir='ltr'>frontium</span> 
     </span>
     <span class='ocr_line' id='line_1_19' title="bbox 599 2646 1349 2743; baseline 0.003 -29"><span class='ocrx_word' id='word_1_90' title='bbox 599 2647 661 2715; x_wconf 88' lang='lat' dir='ltr'>Dis</span> <span class='ocrx_word' id='word_1_91' title='bbox 675 2648 814 2717; x_wconf 87' lang='lat' dir='ltr'>miscent</span> <span class='ocrx_word' id='word_1_92' title='bbox 828 2651 974 2742; x_wconf 89' lang='lat' dir='ltr'>superis;</span> <span class='ocrx_word' id='word_1_93' title='bbox 988 2674 1041 2717; x_wconf 90' lang='lat' dir='ltr'>me</span> <span class='ocrx_word' id='word_1_94' title='bbox 1055 2646 1202 2743; x_wconf 78' lang='lat' dir='ltr'>gelidum</span> <span class='ocrx_word' id='word_1_95' title='bbox 1217 2673 1349 2734; x_wconf 83' lang='lat' dir='ltr'>nemus,</span> 
     </span>
     <span class='ocr_line' id='line_1_20' title="bbox 598 2760 1330 2854; baseline 0.003 -27"><span class='ocrx_word' id='word_1_96' title='bbox 598 2760 895 2854; x_wconf 77' lang='lat' dir='ltr'>Nympharumque</span> <span class='ocrx_word' id='word_1_97' title='bbox 910 2760 996 2828; x_wconf 78' lang='lat' dir='ltr'>leves</span> <span class='ocrx_word' id='word_1_98' title='bbox 1009 2778 1085 2829; x_wconf 86' lang='lat' dir='ltr'>oum</span> <span class='ocrx_word' id='word_1_99' title='bbox 1099 2762 1224 2853; x_wconf 74' lang='lat' dir='ltr'>Satyris</span> <span class='ocrx_word' id='word_1_100' title='bbox 1237 2761 1330 2829; x_wconf 83' lang='lat' dir='ltr'>chori</span> 
     </span>
     <span class='ocr_line' id='line_1_21' title="bbox 595 2872 1211 2966; baseline 0.002 -26"><span class='ocrx_word' id='word_1_101' title='bbox 595 2875 781 2941; x_wconf 85' lang='lat' dir='ltr'>Secernunt</span> <span class='ocrx_word' id='word_1_102' title='bbox 794 2872 939 2966; x_wconf 84' lang='lat' dir='ltr'>populo,</span> <span class='ocrx_word' id='word_1_103' title='bbox 951 2874 978 2940; x_wconf 83' lang='lat' dir='ltr'>si</span> <span class='ocrx_word' id='word_1_104' title='bbox 994 2897 1100 2965; x_wconf 89' lang='lat' dir='ltr'>neque</span> <span class='ocrx_word' id='word_1_105' title='bbox 1113 2872 1211 2941; x_wconf 73' lang='lat' dir='ltr'>tibias</span> 
     </span>
     <span class='ocr_line' id='line_1_22' title="bbox 597 2974 1212 3078; baseline 0 -26"><span class='ocrx_word' id='word_1_106' title='bbox 597 2974 743 3076; x_wconf 79' lang='lat' dir='ltr'>Euterpe</span> <span class='ocrx_word' id='word_1_107' title='bbox 756 2984 906 3068; x_wconf 86' lang='lat' dir='ltr'>oohibet,</span> <span class='ocrx_word' id='word_1_108' title='bbox 920 3009 981 3052; x_wconf 88' lang='lat' dir='ltr'>nec</span> <span class='ocrx_word' id='word_1_109' title='bbox 995 2982 1212 3078; x_wconf 80' lang='lat' dir='ltr'>Polyhymnia</span> 
     </span>
     <span class='ocr_line' id='line_1_23' title="bbox 598 3094 1231 3191; baseline 0.003 -27"><span class='ocrx_word' id='word_1_110' title='bbox 598 3094 765 3166; x_wconf 88' lang='lat' dir='ltr'>Lesboum</span> <span class='ocrx_word' id='word_1_111' title='bbox 781 3096 903 3191; x_wconf 80' lang='lat' dir='ltr'>refugit</span> <span class='ocrx_word' id='word_1_112' title='bbox 917 3097 1052 3167; x_wconf 87' lang='lat' dir='ltr'>tendere</span> <span class='ocrx_word' id='word_1_113' title='bbox 1066 3098 1231 3167; x_wconf 84' lang='lat' dir='ltr'>barbiton.</span> 
     </span>
     <span class='ocr_line' id='line_1_24' title="bbox 598 3209 1229 3304; baseline 0.006 -27"><span class='ocrx_word' id='word_1_114' title='bbox 598 3209 699 3296; x_wconf 87' lang='lat' dir='ltr'>Quod</span> <span class='ocrx_word' id='word_1_115' title='bbox 714 3211 741 3278; x_wconf 87' lang='lat' dir='ltr'>si</span> <span class='ocrx_word' id='word_1_116' title='bbox 755 3235 809 3279; x_wconf 88' lang='lat' dir='ltr'>me</span> <span class='ocrx_word' id='word_1_117' title='bbox 824 3209 942 3304; x_wconf 70' lang='lat' dir='ltr'>lyricis,</span> <span class='ocrx_word' id='word_1_118' title='bbox 948 3211 1079 3280; x_wconf 84' lang='lat' dir='ltr'>vatibus</span> <span class='ocrx_word' id='word_1_119' title='bbox 1094 3212 1229 3298; x_wconf 78' lang='lat' dir='ltr'>inseris,</span> 
     </span>
     <span class='ocr_line' id='line_1_25' title="bbox 598 3322 1137 3395; baseline 0.006 -4"><span class='ocrx_word' id='word_1_120' title='bbox 598 3322 738 3393; x_wconf 88' lang='lat' dir='ltr'>Sublimi</span> <span class='ocrx_word' id='word_1_121' title='bbox 753 3324 871 3394; x_wconf 80' lang='lat' dir='ltr'>leriam</span> <span class='ocrx_word' id='word_1_122' title='bbox 885 3325 994 3395; x_wconf 83' lang='lat' dir='ltr'>sidera</span> <span class='ocrx_word' id='word_1_123' title='bbox 1008 3326 1137 3395; x_wconf 85' lang='lat' dir='ltr'>vertice.</span> 
     </span>
    </p>
   </div>
   <div class='ocr_carea' id='block_1_5' title="bbox 0 0 1668 5342">
    <p class='ocr_par' dir='ltr' id='par_1_8' title="bbox 0 0 1668 5342">
     <span class='ocr_line' id='line_1_26' title="bbox 0 0 1668 5342; baseline 0 4"><span class='ocrx_word' id='word_1_124' title='bbox 0 0 1668 5342; x_wconf 95' lang='lat' dir='ltr'> </span> 
     </span>
    </p>
   </div>
  </div>
 </body>
</html>
