3325 5342
440 719 508 791 252
666 722 708 807 Q.
740 719 965 786 HORATll
997 718 1194 785 FLACCI
1347 740 1371 768 v.
1390 721 1425 770 83

438 851 585 922 Solveret
599 849 751 943 hospitiis
764 847 922 916 animum.
938 845 1031 933 Quid
1045 845 1173 914 multa?
1185 849 1302 941 Neque
1315 849 1372 918 ille

437 965 578 1058 Sepositi
592 960 724 1045 ciceris,
738 984 798 1027 nec
812 957 920 1053 lougae
933 957 1054 1026 invidit
1067 983 1197 1046 avenae,

437 1080 577 1149 Aridum
592 1093 624 1147 et
638 1102 695 1146 ore
708 1075 817 1144 ferens
829 1075 982 1159 acinum,
996 1098 1186 1168 semesaque
1198 1073 1283 1143 lardi

437 1199 463 1261 F
466 1208 557 1261 rusta
570 1191 679 1277 dedit,
691 1190 828 1284 cupiens
842 1188 934 1257 varia
947 1187 1079 1256 fastidia
1091 1213 1185 1256 coena

436 1306 580 1374 Vincere
595 1302 761 1397 tangentis
774 1299 862 1369 male
874 1299 1006 1395 singula
1021 1300 1119 1368 dente
1132 1302 1294 1395 superbo;

437 1421 551 1506 Quum
566 1433 661 1512 pater
674 1418 744 1510 ipse
757 1415 877 1484 domus
890 1412 985 1509 palea
999 1430 1171 1508 porrectus
1186 1416 1220 1484 in
1234 1416 1340 1485 horna

436 1534 530 1599 Esset
543 1530 626 1599 ador
640 1529 838 1622 loliumque,
852 1529 947 1622 dapis
961 1527 1098 1596 meliora
1113 1527 1310 1623 relinquens.

436 1643 583 1711 Tandem
591 1641 1420 1736 urbanusadhunc:«Quidtejuvat,inquit,amice,

435 1786 452 1819 a
462 1757 623 1850 Praerupti
637 1756 782 1824 nemoris
795 1756 975 1849 patientem
990 1756 1099 1823 vivere
1114 1753 1235 1824 dorso?

435 1870 523 1938 «Vis
536 1884 572 1937 tu
587 1869 739 1937 homines
753 1869 937 1963 urbemque
951 1868 1031 1938 feris
1044 1895 1236 1963 praeponere
1249 1870 1362 1939 silvis?

435 1985 571 2075 «Carpe
584 1982 691 2067 viam,
705 1982 786 2049 mihi
802 1982 917 2067 erede,
930 2008 1040 2052 comes
1053 1985 1220 2052 terrestria
1234 1984 1367 2077 quando

434 2093 620 2163 «Mortales
633 2095 765 2163 animas
773 2095 892 2163 vivunt
905 2096 1040 2181 sortita,
1054 2121 1161 2189 neque
1174 2095 1243 2165 ulla
1256 2112 1305 2165 est

434 2211 528 2277 «Aut
541 2232 664 2301 magno
677 2223 737 2276 aut
749 2233 854 2302 parvo
868 2206 949 2276 lethi
965 2208 1061 2303 fuga3
1076 2234 1161 2303 quo,
1174 2210 1279 2294 bone,
1291 2210 1397 2290 cirea,

434 2351 450 2384 a
461 2325 552 2390 Dum
567 2319 663 2409 licet,
678 2323 712 2389 iu
728 2323 828 2391 rebus
838 2322 996 2416 jucundis
1010 2324 1082 2393 vive
1096 2323 1229 2409 beatus,

433 2438 543 2505 «Vive
558 2461 686 2505 mernor
699 2463 799 2531 quam
814 2439 859 2506 sis
872 2439 932 2506 aevi
947 2440 1066 2508 brevis.
1077 2469 1094 2504 n
1108 2443 1187 2508 Haec
1200 2440 1258 2508 ubi
1273 2440 1362 2509 dicta

407 2623 410 2629 ,
432 2554 603 2645 Agrestem
616 2550 791 2645 pepulere,
805 2551 906 2620 domo
921 2551 1000 2621 levis
1014 2552 1141 2639 exsilit3
1156 2553 1237 2622 iude

431 2664 539 2733 Ambo
553 2665 759 2758 propositum
774 2680 940 2759 peragunt
955 2665 1033 2752 iter,
1047 2666 1140 2735 urbis
1153 2681 1286 2735 aventes

430 2781 556 2848 Moenia
568 2782 723 2848 nocturni
739 2781 927 2874 subrepere.
942 2785 1082 2873 Jamque
1095 2782 1229 2850 tenebat

430 2895 505 2963 Nox
519 2891 665 2962 medium
680 2891 754 2962 muli
768 2894 932 2987 spatium,
945 2919 1049 2987 quum
1064 2895 1160 2987 ponit
1173 2909 1311 2987 uterque

430 3011 469 3075 Iu
484 3006 647 3102 locuplete
660 3008 761 3076 domo
775 3009 932 3102 vestigia,
946 3009 1049 3077 rubro
1063 3009 1122 3077 ubi
1136 3033 1235 3077 cocco

429 3121 546 3189 Tincta
559 3146 659 3215 super
673 3119 773 3190 lectos
787 3121 948 3189 canderet
958 3124 1056 3190 vestis
1070 3122 1233 3208 eburnos,

428 3232 602 3328 Multaque
616 3234 657 3303 de
670 3260 793 3330 magna
806 3251 1014 3329 superessent
1029 3235 1154 3305 fercula
1167 3262 1276 3321 coena,

428 3347 512 3433 Quae
526 3346 643 3441 procul
657 3349 832 3417 exstructis
847 3349 979 3416 inerant
993 3349 1147 3418 hesterna
1160 3351 1320 3418 canistris.

426 3463 516 3554 Ergo
530 3462 587 3529 ubi
603 3487 770 3557 purpurea
783 3478 975 3557 porrectum
992 3462 1026 3531 in
1040 3480 1130 3533 veste
1143 3463 1264 3534 locavit

425 3575 615 3668 Agrestem,
628 3576 730 3645 veluti
744 3578 932 3646 succinctus
947 3579 1086 3646 cursitat
1100 3578 1242 3672 hospes,

425 3688 673 3781 Continuatque
687 3689 804 3783 dapes3
819 3716 962 3760 necnon
977 3688 1155 3759 vernaliter
1171 3691 1252 3783 ipsis

424 3802 590 3893 Fungitur
603 3802 740 3887 officiis,
753 3805 972 3898 praelambens
987 3830 1086 3872 omne
1100 3804 1191 3898 quod
1204 3804 1311 3871 affert.

424 3910 485 3980 llle
498 3914 623 3983 cubans
639 3917 760 4009 gaudet
773 3933 902 3986 mutata
917 3933 1023 4003 sorte,
1036 3918 1199 4010 bonisque

424 4024 535 4092 Rebus
548 4027 618 4118 agit
632 4027 742 4097 laetum
758 4033 949 4117 convivam,
963 4056 1067 4125 quum
1082 4032 1193 4100 subito
1209 4031 1330 4122 ingens

422 4136 603 4208 Valvarum
618 4143 779 4232 strepitus·
790 4142 886 4213 lectis
900 4146 1042 4214 excussit
1057 4161 1244 4238 utrumque.
