3325 5342
248 632 271 704 'j
294 616 343 675 ¹39
429 613 740 679 SATIRARUM
773 612 929 679 LIBER
962 615 987 681 1.
1021 612 1052 682 3.
1171 613 1234 706 195

248 748 370 814 Praeter
383 741 595 835 Crispinum,
610 741 807 826 sectabitur3
820 741 950 810 etmihi
965 742 1076 811 dulces

249 862 443 952 Ignoscent,
458 856 484 923 si
499 854 580 948 quid
595 878 733 948 peoeero
747 853 886 939 stultus,
898 857 1014 941 amici,

159 962 162 967 Δ
247 973 354 1063 Inque
368 969 475 1036 vicem
490 966 625 1035 illorum
641 967 749 1060 patiar
763 966 883 1035 delicta
897 965 1054 1051 libenter,

248 1083 469 1172 Privatusque
482 1081 588 1173 magis
602 1081 710 1147 vivam
726 1095 758 1147 te
774 1104 850 1173 rege
863 1080 987 1148 beatus.

249 1325 1237 1349 mmmmmmmmmmmmm

563 1472 808 1601 sirmi
848 1517 930 1601 lv.

250 1761 417 1841 Eueous,
429 1768 529 1848 atque
542 1753 720 1836 Cratinus,
734 1752 1055 1846 Aristophanesque,
1069 1773 1189 1849 poetae‚

250 1874 358 1962 Atque
371 1866 446 1950 olii,
459 1890 604 1960 quorum
618 1863 783 1933 comoedia
797 1865 906 1957 prisea
921 1866 1069 1935 virorum
1083 1885 1150 1954 est,

249 1985 283 2052 Si
298 1984 372 2075 quis
386 1996 456 2050 erat
469 1981 593 2075 dignus
607 1979 769 2065 describi,
783 1979 875 2071 quod
888 1978 995 2050 malus
1008 2005 1048 2050 ac
1061 1983 1130 2071 fur,

250 2095 352 2185 Quod
364 2095 511 2165 moechus
524 2094 626 2178 foret,
639 2108 700 2162 aut
713 2092 869 2179 sicarius,
882 2109 940 2163 eut
952 2095 1077 2188 alioqui

251 2213 409 2278 famosus
419 2260 429 2294 ,
441 2207 546 2277 multa
559 2232 635 2276 eum
652 2206 806 2275 libertate
819 2208 989 2276 notabant.

250 2323 337 2391 Hinc
350 2322 459 2391 omnis
473 2321 595 2414 pendet
609 2318 777 2406 Lucilius,
791 2320 890 2389 bosoe
903 2335 1052 2405 secutus,

248 2435 387 2505 Mutatio
401 2448 531 2502 tuntum
544 2432 685 2527 pedibus
699 2433 931 2525 numerisque,
945 2432 1087 2519 sanetus,

248 2552 418 2618 Emunctae
432 2547 541 2633 naris,
555 2543 659 2614 durus
672 2570 875 2638 componere
888 2570 1011 2616 versus.

248 2666 334 2735 Nam
349 2662 413 2730 fuit
426 2662 489 2731 boc
501 2661 656 2746 vitiosus;
669 2660 704 2728 in
719 2659 801 2729 hore
816 2684 901 2754 saepe
915 2660 1091 2746 ducentos,

250 2781 295 2847 Ut
309 2801 486 2871 magnum,
500 2798 614 2843 versus
627 2773 790 2860 dictabat,
803 2789 895 2843 stans
909 2773 992 2869 pede
1007 2776 1041 2842 in
1056 2799 1134 2843 uno.

249 2893 362 2981 Quum
377 2891 493 2960 flueret
507 2887 709 2973 lutulentus,
721 2903 793 2957 eret
806 2888 898 2983 quod
913 2888 1029 2979 tollere
1042 2888 1159 2974 velles3

250 3004 430 3089 Garrulus,
443 3017 542 3095 atque
556 3004 651 3096 piger
666 3001 832 3071 scribendi
848 3001 933 3071 ferre
947 3001 1113 3089 laborem,

249 3117 420 3188 scribendi
437 3132 541 3201 recte,
554 3142 649 3203 nam,
663 3132 701 3185 ut
715 3116 876 3205 multum,
891 3118 936 3187 nil
952 3144 1075 3189 moror.
1091 3123 1175 3189 Ecce

250 3233 426 3326 Crispinus
439 3231 578 3299 minimo
592 3256 645 3299 me
659 3247 835 3326 provocat:
850 3275 898 3287 -
913 3235 1046 3327 Accipe,
1065 3235 1092 3302 si
1108 3236 1175 3319 vis,

250 3347 421 3439 Accipiam
437 3343 573 3414 tabulas.
588 3349 696 3415 Detur
710 3347 806 3416 uobis
821 3347 931 3432 loeus,
945 3349 1044 3429 hore,

250 3459 431 3545 Custodes;
445 3457 631 3542 videamus,
645 3474 719 3530 uter
732 3459 807 3555 plus
822 3461 965 3529 scribere
979 3461 1092 3555 possit.
1108 3502 1156 3512 —

249 3574 294 3642 Di
308 3572 571 3657 benefecerunt,
586 3574 695 3668 inopis
710 3600 763 3644 me
777 3574 934 3669 quodque
949 3573 1059 3667 pusilli

249 3689 275 3753 F
277 3686 431 3755 iuxerunt
443 3686 565 3772 animi,
579 3711 655 3754 raro
670 3702 703 3755 et
717 3712 881 3781 perpauca
897 3687 1071 3779 loquentis.

250 3800 294 3867 At
307 3811 344 3865 tu
358 3797 530 3868 oonclusas
544 3798 683 3869 hircinis
699 3799 834 3870 follibus
847 3824 962 3884 aures,

249 3912 362 4003 Usque
377 3911 582 4000 laborantes,
596 3913 676 3982 dum
692 3913 815 3983 sermm
830 3912 959 3983 molliat
974 3913 1078 4006 ignis,

250 4024 296 4090 Ut
309 4025 431 4108 mavis,
445 4025 583 4094 imitere.
599 4029 720 4095 Beatus
733 4027 897 4107 Fannius,
911 4024 1000 4092 ultro

1089 4145 1128 4192 1³.
