3325 5342
454 642 674 711 CARMEN
705 643 1003 711 SAECULARE

359 773 422 840 Cui
436 795 496 863 per
508 769 678 839 ardentem
693 772 763 839 sine
778 769 894 838 fraude
906 771 1039 863 Trojanr

360 888 478 954 Castus
492 886 628 966 AEneas,
641 883 754 975 patriae
769 898 950 976 superstes,

361 996 519 1063 Liberum
534 996 675 1068 munivit
690 990 767 1077 iter',
780 994 918 1063 daturus

503 1082 602 1174 Plura
616 1105 746 1174 relictis.
761 1152 766 1161 ·

359 1358 423 1441 Di,
437 1356 557 1450 probos
570 1380 678 1424 mores
690 1354 789 1425 docili
799 1356 959 1449 juventae,

359 1471 421 1555 Di,
434 1470 592 1539 senectuti
606 1467 742 1562 placidae
756 1469 917 1563 quietern,

360 1583 508 1652 Romulae
521 1584 611 1679 genti
625 1583 701 1652 date
714 1607 848 1676 remque
862 1583 1052 1678 prolemque

500 1700 543 1765 Et
556 1697 656 1766 decus
668 1722 775 1765 omne.

358 1950 504 2040 Quaeque
517 1973 574 2017 vos
586 1947 693 2016 bobus
706 1960 881 2015 veneratur
893 1945 977 2015 albis

357 2058 475 2131 Clarus
488 2062 638 2130 Anchisa
652 2061 855 2155 Venerisque
868 2058 1019 2155 sanguis,

356 2178 531 2268 Impetret,
543 2172 687 2244 bellante
700 2174 808 2268 prior,
818 2173 980 2266 jacentem

499 2286 598 2354 lenis
612 2288 645 2354 in
660 2287 796 2355 hostem.

355 2540 425 2605 Jarn
441 2539 524 2604 rnari
537 2551 690 2630 terraque
703 2562 820 2605 manus
834 2551 983 2631 potentes

257 2656 271 2673 ⁸
355 2650 472 2719 Medus
486 2649 694 2743 Albanasque
708 2651 801 2718 timet
813 2675 959 2736 secures;

354 2768 424 2832 Jarn
438 2765 564 2858 Scythae
577 2790 733 2858 respousa
746 2779 878 2859 petunt,
892 2765 1022 2857 superbi

495 2880 625 2972 Nuper,
638 2892 671 2946 et
684 2878 768 2947 lndi.

350 3123 422 3187 Jarn
436 3120 550 3204 Fides,
562 3134 595 3188 et
609 3123 692 3203 Pax,
705 3133 738 3188 et
750 3122 882 3206 Houor,
895 3120 1070 3214 Pudorque

350 3233 498 3318 Priscus,
510 3248 544 3303 et
556 3233 702 3327 neglecta
716 3234 822 3302 redire
835 3234 950 3303 Virtus

353 3346 476 3431 Audet,
487 3362 687 3440 apparetque
701 3347 795 3415 beata
808 3344 905 3440 pleno

491 3459 596 3552 Copia
608 3485 721 3529 cornu.

348 3703 464 3794 Augur
477 3715 509 3769 et
521 3699 668 3795 fulgente
681 3700 818 3770 deoorus
832 3725 911 3769 arcu

348 3811 507 3897 Plroebus,
520 3828 737 3906 acceptusque
750 3838 867 3881 novem
881 3812 1050 3895 Camenis,

348 3925 414 4011 Qui
428 3922 562 3992 salutari
578 3923 663 3994 levat
674 3940 745 3994 arte
756 3924 857 3994 fessos

488 4039 645 4129 Corporis
658 4051 765 4121 artus,

1153 670 1219 741 ¹79
