3325 5342
374 679 732 749 EPISTULARUM
757 680 957 747 LIBERI.
989 704 1038 748 rr.
1128 684 1195 754 283

223 925 1199 953 mmmmmvwwwwwwmwunwvmmwwmmmm

483 1114 807 1204 EPISTOLA
848 1118 936 1204 XI.

526 1247 598 1428 ali
614 1370 896 1427 suturarum.

224 1605 319 1691 Qum
333 1600 393 1668 tihi
407 1600 474 1667 visa
488 1598 609 1682 Chios,
620 1594 762 1681 Bullati,
775 1609 919 1688 notaque
932 1601 1077 1669 lesbus?

223 1715 315 1805 Quid
329 1714 491 1783 concinna
501 1710 639 1781 Samos?
652 1709 745 1799 Quid
758 1711 864 1779 Croesi
880 1713 969 1805 regia
981 1716 1117 1784 Sardis?

223 1832 361 1921 Smyrna
374 1825 472 1919 quid,
484 1838 518 1893 et
531 1820 729 1915 Colophon?
741 1821 873 1913 Majora
886 1824 1055 1894 minorave
1068 1827 1175 1896 sama?

224 1944 393 2010 Cunetane
406 1963 474 2032 prae
486 1940 614 2029 Campo
628 1950 661 2003 et
673 1935 831 2004 Tiberino
844 1935 981 2004 flumine
994 1939 1150 2008 sordent?

224 2058 274 2122 An
290 2054 425 2122 venitin
440 2066 554 2120 votum
569 2049 721 2119 Attalicis
734 2074 774 2117 ex
788 2050 927 2118 urbibus
941 2052 1030 2120 una?

225 2172 277 2236 An
293 2165 463 2236 Lebedum
478 2163 609 2250 laudas,
622 2163 700 2232 odio
714 2164 816 2232 maris
829 2178 928 2257 atque
943 2166 1069 2235 viarum
1078 2166 1148 2234 l—

224 2281 310 2364 Seis‚
322 2278 473 2348 Lebedus
487 2276 569 2370 quid
583 2276 647 2345 sit?
660 2276 778 2347 Gabiis
793 2276 953 2344 desertior
966 2292 1065 2372 atque

224 2394 354 2462 Fidenis
368 2393 476 2477 vicus3
490 2405 599 2459 tamen
613 2389 686 2459 illie
696 2390 806 2457 vivere
818 2388 954 2476 vellem,

222 2506 420 2599 Oblitusque
433 2529 601 2589 meamus,
614 2502 858 2573 oblivisoendus
871 2518 905 2572 et
920 2502 1002 2590 illis,

221 2622 412 2714 Neptunum
426 2616 541 2713 procul
558 2643 576 2686 e
591 2632 681 2686 terra
695 2631 841 2711 spectare
855 2616 1028 2687 furentem.
1040 2655 1087 2672 -

222 2734 287 2803 Sed
301 2758 423 2828 neque,
436 2734 493 2827 qui
507 2736 623 2826 Capua
637 2735 778 2802 Romam
793 2733 893 2826 petit,
907 2734 1013 2802 imbre
1026 2732 1162 2828 lutoque

223 2847 420 2939 Adspersus‚
433 2846 521 2915 volet
536 2846 569 2914 in
584 2870 736 2938 caupona
747 2845 875 2931 vivere;
890 2870 968 2931 nee,
981 2848 1038 2939 qui

223 2961 340 3055 Frigus
353 2958 504 3053 adlegit,
516 2958 632 3028 furnos
646 2972 679 3027 et
692 2957 810 3027 balnea
823 2956 957 3043 laudat,

222 3078 268 3144 Ut
283 3071 482 3142 fortunatam
497 3072 594 3166 plene
606 3073 795 3166 praestantia
808 3072 920 3143 vitam.

222 3190 309 3272 Nec,
322 3188 349 3256 si
363 3202 395 3257 te
408 3185 535 3258 validus
546 3187 720 3280 jactaverit
732 3190 853 3258 Auster
866 3189 902 3257 in
915 3186 1004 3271 alto,

222 3299 351 3368 Idciroo
364 3323 481 3377 navem
495 3312 587 3369 trans
600 3303 751 3395 AEgoeum
766 3325 858 3370 mare
870 3299 1002 3369 vendas.

222 3411 386 3480 Incolumi
400 3411 536 3481 Rhodos
550 3427 584 3481 et
596 3411 756 3506 Mitylene
770 3412 909 3508 pulchra
925 3412 1020 3497 lacit,
1034 3409 1124 3504 quod

221 3523 354 3595 Paenula
369 3524 528 3610 solstitio,
541 3541 723 3622 campestra
737 3526 900 3595 nivalibus
914 3525 1022 3609 auris,

222 3640 285 3705 Per
297 3638 449 3705 brumam
463 3638 608 3724 Tiberis,
623 3638 736 3709 Sextili
752 3662 864 3708 mense
876 3636 1035 3705 caminus.

222 3751 312 3816 Dum
326 3747 420 3835 licet,
433 3763 467 3817 et
477 3749 609 3819 vultum
623 3765 731 3820 servat
744 3749 878 3819 fortuna
891 3748 1092 3840 benignum,

223 3863 335 3928 Roma
348 3860 501 3931 laudetur
515 3866 648 3950 Sarnos,
661 3878 694 3932 et
708 3863 828 3946 Chios,
840 3875 874 3930 et
887 3859 1024 3929 Rhodos
1036 3858 1162 3926 absens.

221 3976 272 4041 Tu
286 3975 529 4068 quamcumque
540 3981 633 4046 Deus
646 3978 706 4046 tibi
721 3975 938 4045 fortunaverit
952 3974 1086 4056 horam,

222 4088 326 4154 Grata
340 4111 432 4156 sume
445 4112 565 4176 manu,
579 4114 642 4158 neu
657 4088 766 4159 dulcia
780 4088 879 4158 differ
894 4088 927 4156 in
942 4111 1086 4170 annum3
