3325 5342
444 608 508 681 158

667 616 708 698 Q.
742 613 966 680 nonrru
1000 617 1194 683 rnaeer

630 738 788 809 Flammis
802 739 898 809 aduri
914 741 1088 813 Colchicis.

531 860 575 926 At
589 854 741 948 expedita
755 856 903 963 Sagana,
917 871 1093 950 portatam
1108 859 1242 927 domum

629 971 795 1062 Spargens
809 967 986 1039 Avernales
999 996 1119 1065 aquas,

533 1086 657 1151 Horret
670 1078 798 1174 capillis
813 1095 852 1148 ut
865 1083 1014 1150 marinus
1028 1086 1153 1177 asperis

631 1193 796 1281 Echinus,
809 1209 868 1263 aut
881 1219 1018 1264 currens
1031 1222 1120 1292 aper.

534 1311 660 1380 Abacta
673 1306 765 1377 nulla
777 1308 861 1376 Veia
874 1309 1092 1395 conscientia,

608 1424 794 1520 Ligonihus
809 1422 901 1491 duris
916 1423 1055 1492 humum

534 1537 777 1623 Exhauriebat,
790 1537 960 1630 ingemens
974 1536 1161 1626 laboribus,

632 1651 709 1738 Quo
723 1663 833 1743 posset
848 1648 991 1719 infossus
1005 1674 1088 1745 puer

535 1766 654 1857 longo
669 1761 723 1831 die
737 1762 788 1830 bis
802 1776 918 1856 terque
932 1778 1066 1834 mutatae
1080 1765 1174 1858 dapis

630 1876 776 1945 Ineumri
791 1876 996 1971 spectando,

534 1991 649 2077 Quum
664 1990 870 2082 promineret
881 2015 957 2076 ore,
971 2005 1133 2084 quantum
1145 2004 1274 2059 exstant
1288 2016 1373 2085 aqua

630 2105 795 2197 Suspenso
809 2118 923 2173 mento
937 2129 1096 2198 eorpora;

536 2218 674 2285 Exsecta
687 2217 736 2284 uti
752 2215 915 2303 medulla,
927 2231 961 2286 et
974 2218 1106 2286 aridum
1117 2219 1212 2310 jecur

633 2330 766 2400 Amoris
778 2344 864 2403 esset
877 2330 1054 2425 poculum,

536 2445 756 2513 Interminato
771 2470 875 2539 quum
890 2444 989 2514 semel
1005 2445 1078 2514 fixa
1092 2446 1166 2515 cibo

633 2559 859 2628 Intabuissent
872 2558 1013 2654 pupulae.

538 2674 615 2743 Non
631 2671 773 2742 defitisse
787 2672 941 2742 masculae
955 2673 1103 2743 lihidinis

635 2786 879 2856 Ariminensem
893 2785 1040 2871 Foliam,

539 2901 580 2967 Et
594 2900 700 2968 otiosa
713 2897 1043 2992 credidissemus,

635 3016 678 3081 Et
691 3037 791 3081 omne
805 3013 951 3082 vicinum
965 3011 1145 3105 oppidum

540 3128 624 3214 Quae
638 3125 747 3195 sidera
760 3139 935 3195 excantata
949 3150 1027 3193 voce
1040 3123 1197 3194 Thessala

636 3232 836 3335 Lunamque
849 3240 932 3310 ooelo
948 3240 1078 3334 deripit

539 3353 602 3422 Hic
617 3353 809 3424 inresectum
823 3379 908 3424 saeva
922 3355 1021 3424 dente
1035 3352 1139 3422 livido

637 3468 778 3537 Canidia
793 3468 914 3538 rodens
928 3467 1101 3562 pollicem,

541 3578 633 3666 Quid
647 3577 754 3650 dixit?
767 3596 826 3651 aut
839 3581 922 3675 quid
936 3580 1062 3651 tacuit?
1076 3610 1093 3645 n
1107 3584 1140 3649 Ο
1154 3580 1252 3650 rebus
1265 3579 1346 3645 meis

637 3729 655 3765 a
668 3703 746 3772 Non
762 3702 912 3773 infideles
924 3703 1076 3789 arbitra,

543 3843 560 3877 t<
574 3816 667 3901 Nox,
680 3831 714 3887 et
727 3819 855 3905 Diana,
867 3843 942 3911 quae
956 3817 1125 3887 silentium
1142 3816 1245 3909 regis,

638 3957 656 3992 e
671 3933 799 4001 Arcana
812 3957 918 4025 quum
934 3932 1019 4001 frunt
1033 3955 1143 4016 sacra,

542 4070 560 4105 a
573 4044 690 4128 Nunc,
703 4070 795 4115 nunc
808 4044 936 4115 adeste!
954 4073 1043 4116 nnnc
1058 4049 1092 4116 in
1107 4043 1242 4129 hostiles
1256 4042 1372 4110 domos
1393 4046 1405 4067 ⁰
