3325 5342
447 631 517 714 324
674 631 717 716 Q.
749 628 972 695 HORATII
1005 628 1201 695 FLACCI
1370 646 1402 675 v·
1429 631 1466 675 *ο

446 765 544 829 lluuc
556 760 642 828 socci
656 782 771 852 cepere
785 756 920 851 pedem,
934 755 1140 849 grandesque
1154 756 1343 842 cothurni,

447 872 592 943 Alternis
604 886 719 965 aptum
733 870 958 951 sermonibus,
970 885 1003 938 et
1017 869 1193 963 populares

446 987 642 1056 Vincentem
657 985 830 1078 strepitus,
843 997 876 1052 ct
890 998 1005 1051 natum
1018 984 1116 1051 rebus
1129 983 1280 1077 agendis.

446 1103 543 1168 Musa
557 1098 647 1167 dedit
660 1098 782 1166 fidibus
794 1098 917 1183 Divos,
930 1122 1115 1190 puerosque
1128 1100 1305 1181 Deorum,

445 1217 487 1282 Et
501 1211 647 1306 pugilem
660 1212 836 1297 victorem,
848 1226 882 1278 et
894 1234 1017 1303 equum
1030 1211 1209 1279 certamine
1223 1213 1406 1304 primum,

445 1330 488 1396 Et
498 1327 656 1418 juvenum
671 1348 784 1410 curas,
795 1339 831 1393 et
844 1323 948 1392 libera
962 1324 1038 1392 vina
1052 1322 1183 1392 referre.

493 1438 683 1530 Descriptus
697 1461 827 1505 servare
842 1437 928 1504 vices
941 1460 1144 1529 operumque
1157 1434 1307 1522 colores,

445 1555 515 1621 Cur
527 1575 606 1644 ego,
619 1551 647 1619 si
663 1574 790 1642 nequeo
806 1550 1006 1642 ignoroque,
1019 1562 1117 1641 poeta
1129 1546 1279 1616 solutor?

445 1667 516 1732 Cur
529 1663 671 1748 nescire,
684 1662 811 1755 pudens
825 1687 942 1756 prave,
954 1684 1055 1755 quam
1069 1661 1193 1730 discere
1206 1661 1325 1730 malo?

444 1774 602 1844 Versibus
615 1774 735 1867 exponi
750 1775 885 1868 tragicis
900 1799 951 1842 res
965 1774 1091 1843 comica
1105 1799 1171 1841 non
1187 1774 1278 1858 vult3

444 1888 641 1981 Indignatur
656 1889 735 1956 item
750 1889 888 1981 privatis
900 1913 938 1958 ac
953 1913 1056 1982 prope
1069 1913 1164 1957 socco

398 2049 402 2055 -
443 2001 564 2094 Dignis
577 2001 781 2069 carminibus
795 2001 923 2069 narrari
937 2023 1029 2070 coena
1043 2000 1198 2095 Thyesta.

441 2111 580 2206 Singula
593 2138 731 2207 qumque
744 2109 854 2182 locum
870 2127 1003 2182 teneant
1016 2113 1131 2180 sortita
1145 2112 1310 2182 decenter.

442 2225 614 2293 interdum
629 2240 738 2293 tamen
752 2240 785 2293 et
796 2250 912 2294 vocem
925 2226 1084 2294 comoedia
1098 2224 1203 2309 tollit,

442 2343 615 2434 iratusque
629 2339 788 2409 Chremes
803 2339 932 2408 tumido
946 2339 1095 2434 delitigat
1107 2365 1181 2423 ore;

442 2458 484 2523 Et
498 2455 642 2548 tragicus
655 2452 852 2548 plerumque
866 2453 954 2523 dolet
969 2479 1118 2523 sermone
1133 2454 1286 2547 pedestri.

441 2565 605 2660 Telephus
617 2582 651 2635 et
663 2566 798 2651 Peleus,
811 2592 914 2660 quum
930 2583 1101 2661 pauperet
1115 2566 1224 2654 exsul,
1237 2583 1381 2662 uterque

442 2681 580 2774 Projicit
593 2679 773 2774 ampullas,
786 2696 818 2749 et
833 2680 1071 2774 sesquipedalia
1084 2681 1199 2768 verba,

441 2795 475 2864 Si
490 2808 583 2863 curat
596 2819 655 2862 cor
667 2796 845 2888 spectantis
859 2795 1003 2888 tetigisse
1015 2793 1156 2888 querela.

491 2910 568 2978 Non
584 2908 664 2976 satis
677 2922 726 2976 est
739 2906 879 3001 pulchra
893 2931 962 2974 esse
975 2923 1144 3000 poemata3
1158 2906 1265 2976 dulcia
1281 2924 1403 2994 sunto,

442 3022 502 3105 Et,
516 3044 727 3114 quocumque
739 3018 869 3102 volent,
882 3019 1031 3088 animum
1045 3019 1205 3088 auditoris
1218 3035 1354 3113 agunto.

441 3135 489 3202 Ut
504 3133 687 3202 ridentibus
700 3132 866 3218 arrident,
881 3134 927 3201 ita
940 3132 1094 3200 flentibus
1107 3132 1229 3201 adflent

441 3247 587 3316 Humani
601 3245 719 3315 vultus.
734 3246 768 3315 Si
783 3246 833 3313 vis
848 3270 900 3314 me
914 3245 1009 3332 llere,
1022 3245 1201 3314 dolendum
1215 3245 1264 3314 est

441 3359 591 3427 Primum
606 3359 666 3452 ipsi
681 3358 741 3426 tibi
751 3383 761 3444 3
773 3372 854 3427 tunc
865 3373 922 3426 tua
936 3382 989 3426 me
1000 3357 1181 3426 infortunia
1195 3357 1323 3427 laedent.

441 3470 601 3565 Telephe,
615 3471 664 3541 vel
678 3471 796 3559 Peleu,
810 3471 896 3540 male
910 3472 935 3539 si
952 3471 1106 3541 mandata
1121 3470 1282 3565 loqueris,

441 3589 506 3654 Aut
521 3585 726 3673 dormitabo,
739 3601 796 3654 aut
811 3585 935 3654 ridebo.
950 3586 1070 3654 Tristia
1084 3593 1233 3654 maestum

441 3697 580 3769 Vultum
594 3700 693 3768 verba
707 3700 842 3787 decent,
856 3700 995 3785 iratum,
1007 3697 1105 3792 plena
1118 3700 1304 3784 minarum,

441 3809 645 3897 Ludentem,
658 3811 796 3897 lascivn;
809 3838 977 3895 severum,
991 3812 1074 3880 seria
1089 3811 1188 3880 dictu.

441 3926 577 3990 Formut
589 3924 677 3991 enim
695 3939 811 3992 natura
826 3927 919 4018 prius
934 3950 994 3993 nos
1009 3925 1096 3992 intus
1110 3924 1152 3991 ad
1166 3949 1299 3992 omnem

441 4039 662 4103 Fortunarum
677 4035 847 4124 habitum,
856 4040 968 4130 juvat,
981 4053 1038 4108 aut
1053 4036 1193 4132 impellit
1205 4037 1249 4106 ad
1265 4039 1370 4121 iram,
