3325 5342
550 684 768 753 EPODON
800 686 968 753 LIBER.
1186 689 1244 759 161

363 822 467 900 Nam,
481 814 587 908 quaiis
600 828 657 882 aut
670 812 854 899 Molossus,
868 830 924 883 aut
938 814 1048 884 fulvus
1062 822 1192 903 Lacon,

461 927 574 996 Amica
588 927 636 994 vis
650 927 855 1020 pastoribus,

366 1046 470 1136 Agam
485 1065 545 1134 per
557 1038 641 1108 altas
653 1064 734 1108 aure
746 1039 876 1107 subiate
891 1042 999 1124 nives,

464 1156 692 1247 Quacumque
704 1153 865 1247 praecedet
879 1154 956 1223 fera.

365 1274 416 1338 Tu
430 1293 534 1361 quum
548 1267 697 1335 timenda
709 1288 789 1335 vooe
801 1265 974 1360 oomplesti
988 1294 1121 1355 nemus,

463 1381 652 1473 Projeeturn
667 1379 818 1448 odoraris
831 1380 953 1449 eibum.

367 1499 472 1579 Cave,
485 1493 579 1564 eave!
596 1498 740 1588 namque
756 1496 788 1561 in
804 1493 908 1563 malos
920 1498 1120 1589 asperrimus

463 1610 583 1676 Parata
597 1606 680 1676 tollo
693 1632 837 1693 cornua,

367 1720 485 1809 Qualis
499 1721 673 1814 Lycambae
687 1736 816 1815 spretus
830 1720 934 1790 infido
949 1746 1065 1815 gener,

463 1836 529 1904 nut
542 1833 885 1928 acer-hostisBupalo.

369 1951 440 2031 An,
453 1948 479 2016 si
494 1949 569 2042 quis
581 1963 655 2018 atro
670 1949 767 2018 dente
781 1973 834 2016 me
847 1949 1017 2042 petiverit,

464 2061 594 2131 inultus
608 2078 646 2130 ut
659 2062 746 2131 flebo
759 2062 865 2154 puer?

273 2312 863 2332 mmmmmm
866 2311 1257 2333 mmmm

609 2504 751 2590 ODE
794 2504 914 2589 vll.

481 2763 540 2816 AD
566 2761 794 2816 POPULUM
822 2761 1072 2815 ROMANUM.

368 2971 468 3057 Quo,
479 2993 565 3062 quo,
578 2966 725 3051 scelesti,
739 2964 858 3033 ruitis?
869 2978 928 3032 aut
940 2989 1000 3033 cur
1013 2966 1154 3035 dexteris

463 3084 629 3174 Aptantur
640 3103 734 3148 enses
748 3077 897 3146 conditi?

368 3198 532 3263 Parumne
546 3194 671 3286 eampis
682 3208 782 3286 atque
796 3205 944 3285 neptuno
958 3216 1057 3285 super

461 3310 586 3375 Fusum
600 3320 649 3374 est
662 3307 773 3374 Latini
789 3306 981 3400 sanguinis?

368 3424 463 3508 Non,
477 3436 514 3488 ut
527 3420 685 3514 superbas
698 3419 817 3487 invidae
830 3420 1041 3512 Carthaginis

464 3538 635 3603 Romanus
648 3558 740 3602 aroes
753 3547 882 3618 ureret,

368 3650 515 3716 intactus
527 3661 585 3715 aut
598 3646 777 3715 Britannus
790 3661 828 3714 ut
841 3643 1053 3714 desoenderet

464 3763 563 3829 Sacra
576 3776 746 3830 catenatus
760 3760 830 3844 via3

369 3874 431 3941 Sed
446 3890 500 3957 ut,
512 3874 694 3943 seeundum
708 3887 784 3955 ‚vota
799 3871 1017 3950 Parthorum,
1030 3893 1087 3935 sua

465 3988 556 4056 Urbs
568 3988 638 4056 haec
650 3988 774 4082 periret
787 3984 930 4053 dextera.

369 4102 483 4193 Neque
496 4100 551 4168 hie
564 4099 650 4193 lupis
662 4124 752 4183 mos,
766 4123 826 4165 nee
840 4099 903 4165 fuit
915 4096 1064 4164 leonibus
