3325 5342
581 728 796 796 EPODON
829 722 996 795 LIBER.
1216 754 1274 823 ยน7ยน

296 971 1279 996 mmmmmmhmmssvmss

624 1171 766 1258 ODE
808 1171 954 1258 XVI.

495 1428 556 1483 AD
583 1425 809 1482 POPULUM
836 1426 1085 1483 Romanum.

299 1654 438 1720 Aurana
449 1650 519 1742 jam
535 1649 655 1717 teritur
668 1644 764 1715 bellis
778 1645 931 1715 civilibus
943 1661 1039 1733 aetas,

346 1764 421 1833 Suis
434 1776 466 1831 et
481 1763 551 1854 ipsa
564 1763 673 1829 Roma
686 1758 813 1826 viribus
828 1758 903 1827 ruit

300 1880 408 1966 Quam
423 1900 530 1969 neque
543 1873 678 1942 finitimi
692 1872 868 1941 valuerunt
881 1872 1019 1965 perdere
1032 1876 1154 1961 Marsi,

347 1992 490 2060 Minacis
502 2003 561 2058 aut
574 1991 714 2057 Etrusca
726 1989 881 2056 Porsena
894 2010 1032 2071 manus,

301 2102 430 2174 AEmula
440 2126 500 2171 nec
514 2103 619 2170 virtus
633 2104 773 2194 Capuae,
787 2125 848 2169 nec
861 2103 1038 2193 Spartacus
1052 2126 1144 2185 acer,

348 2216 516 2308 Novisque
530 2215 627 2284 rebus
642 2213 785 2283 infidelis
798 2212 977 2299 Allobrox3

301 2332 370 2399 Nec
384 2330 453 2399 fera
466 2329 609 2399 coemlea
623 2329 753 2397 domuit
766 2328 947 2399 Germania
960 2328 1067 2421 pube,

349 2444 610 2537 parentibusque
623 2444 835 2512 abominatus
849 2441 1035 2527 Hannibal,

301 2558 409 2650 Impia
422 2556 598 2652 perdemus
614 2555 724 2625 devoti
740 2555 914 2650 sanguinis
926 2569 1021 2639 tatas,

350 2671 506 2764 Ferisque
520 2695 636 2740 rursus
650 2668 869 2762 occupabitur
883 2668 999 2738 solum.

227 2762 232 2779 ยน
301 2780 484 2868 Barbarus,
498 2779 579 2852 heu!
595 2784 723 2852 cineres
737 2783 865 2851 insistet
878 2782 1001 2869 victor,
1014 2796 1047 2851 et
1059 2781 1185 2851 Urbem

348 2898 457 2990 Eques
470 2911 609 2966 sonante
622 2895 813 2965 verberabit
825 2895 972 2990 ungula3

303 3009 451 3102 Quoeque
464 3024 578 3078 carent
592 3010 699 3078 ventis
712 3023 745 3077 ct
758 3007 903 3095 solibus,
916 3033 989 3078 ossa
1003 3009 1159 3099 Quirini,

355 3121 455 3191 Nefas
467 3118 596 3191 videre!
612 3121 786 3216 dissipabit
801 3122 955 3192 insolens.

307 3238 425 3319 Forte,
438 3234 519 3327 quid
532 3234 701 3328 expediat,
714 3238 952 3317 communiter,
965 3249 1023 3304 aut
1036 3233 1154 3302 melior
1167 3256 1258 3324 pars,

357 3345 457 3415 Malis
471 3371 582 3415 carere
594 3349 741 3440 quaeritis
754 3347 933 3418 laboribus.

311 3458 410 3529 Nulla
424 3460 466 3528 sit
480 3459 541 3528 bac
554 3461 665 3554 potior
678 3463 859 3548 sententia,
872 3461 1087 3531 Phocaeorum

357 3571 458 3641 Velut
472 3573 620 3668 profugit
633 3590 801 3644 exsecrata
815 3576 931 3644 civitas

312 3689 416 3779 Agros
429 3701 528 3780 atque
541 3689 644 3756 Lares
657 3689 829 3782 proprios,
843 3685 1089 3778 habitandaque
1102 3684 1177 3752 fana

358 3801 456 3893 Apris
469 3799 604 3894 reliquit
617 3815 651 3870 et
665 3802 839 3895 rapacibus
853 3801 960 3895 lupis,

311 3914 381 3997 ire,
393 3912 492 4005 pedes
506 3939 717 4008 quocumque
731 3914 854 4000 serent,
868 3936 1078 4007 quocumque
1092 3935 1151 4002 per
1164 3907 1270 3977 undas

358 4026 466 4096 Notus
480 4026 629 4112 vocabit,
642 4042 701 4096 aut
713 4042 888 4121 protervus
900 4025 1042 4094 Africus.

312 4138 366 4204 Sic
379 4136 508 4230 piacet?
521 4163 563 4206 an
577 4138 695 4207 irrelius
704 4140 780 4231 quis
793 4139 892 4206 babet
906 4134 1066 4207 suadere?
1078 4132 1221 4202 secunda
