3325 5342
443 597 578 670 326-
671 592 1196 682 Q.HORAT11FLACCI
1340 606 1440 652 ma

443 730 579 815 Quanto
592 725 713 793 rectius
726 723 798 807 hic,
813 721 870 814 qui
886 718 932 788 nil
946 718 1084 788 molitur
1097 721 1225 814 inepte:

443 870 459 904 a
471 842 536 910 Dic
548 839 649 924 mihi,
662 840 777 920 Musa,
790 835 918 920 virum,
931 848 1034 927 captae
1051 848 1126 928 post
1139 848 1292 928 tempora
1304 840 1335 905 T
1336 839 1435 930 roim,

444 953 539 1042 «Qui
554 975 662 1019 mores
676 949 851 1017 homiuum
865 944 1048 1016 multorum
1063 946 1146 1015 vidit
1159 962 1193 1016 et
1206 949 1317 1018 urbes.
1328 980 1346 1013 s

444 1069 520 1137 Nou
536 1064 663 1132 fumum
677 1087 719 1131 ex
730 1060 878 1155 fulgore,
891 1059 948 1128 sed
961 1084 1001 1128 ex
1015 1059 1108 1128 firmo
1120 1060 1199 1130 dare
1215 1060 1324 1132 lucem

445 1177 597 1272 Cogitat,
610 1189 648 1244 ut
661 1175 806 1268 speciosa
821 1172 942 1241 dehinc
955 1170 1113 1240 miracula
1128 1188 1277 1266 promat,

445 1290 665 1384 Antiphaten,
679 1286 905 1382 Scyllamque,
917 1300 950 1354 et
963 1309 1039 1353 cnm
1053 1283 1198 1379 Cyclope
1210 1287 1429 1383 Charybdim.

445 1408 515 1476 Nec
529 1404 670 1473 reditum
684 1400 857 1471 Diomedis
869 1401 912 1470 ab
927 1399 1061 1468 interitu
1075 1397 1253 1494 Meleagri,

448 1519 519 1586 Nec
532 1516 665 1609 gemino
678 1511 801 1582 bellum
816 1512 999 1604 Trojauum
1012 1510 1142 1579 orditur
1155 1511 1198 1580 ab
1212 1536 1284 1581 ovo.

445 1631 581 1719 Semper
595 1627 637 1696 ad
650 1640 803 1694 eventum
817 1623 969 1710 festinat,
981 1638 1014 1692 et
1028 1623 1061 1691 in
1075 1622 1200 1692 modias
1214 1649 1282 1710 res,

445 1743 522 1811 Non
536 1764 628 1808 secus
641 1764 680 1807 ac
694 1753 805 1824 notas,
818 1735 1004 1806 auditorem
1020 1737 1123 1829 rapit,
1136 1751 1168 1805 et
1183 1761 1257 1830 quae

445 1859 606 1949 Desperat
619 1868 758 1921 tractatu
771 1854 930 1921 nitescere
943 1876 1055 1944 posse,
1068 1850 1232 1945 relinquit.

447 1975 556 2064 Atque
570 1971 616 2038 ita
630 1970 803 2055 mentitur,
818 1970 865 2037 sic
878 1969 963 2036 veris
977 1965 1058 2036 falsa
1072 1968 1237 2052 remiscet,

448 2084 560 2153 Primo
575 2109 616 2152 ne
628 2082 793 2168 medium,
806 2081 918 2151 medio
931 2107 973 2150 ne
988 2081 1150 2175 discrepet
1165 2082 1278 2152 imum.

494 2202 563 2284 Tu,
576 2197 659 2291 quid
671 2222 751 2290 ego,
764 2212 797 2266 et
810 2195 954 2290 populus
967 2219 1096 2265 mecum
1111 2196 1289 2283 desideret,
1302 2196 1393 2266 audi

450 2313 484 2380 Si
499 2309 661 2404 plausoris
675 2334 750 2404 eges
764 2308 868 2379 auloea
881 2310 1062 2395 manentis,
1075 2323 1108 2377 et
1121 2334 1225 2402 usque

448 2425 574 2493 Sessuri
584 2475 595 2508 ,
606 2423 711 2493 donec
724 2439 857 2511 cautor,
870 2452 887 2487 α
896 2426 965 2492 vos
979 2422 1168 2516 plaudite,a
1183 2422 1288 2509 dicat,

448 2537 565 2606 AEtatis
578 2538 738 2631 cujusque
751 2536 888 2606 notandi
902 2553 980 2607 sunt
993 2536 1054 2605 tibi
1069 2561 1193 2623 mores,

448 2648 696 2744 Mobilibusque
710 2651 809 2721 decor
822 2652 950 2720 naturis
964 2649 1092 2719 dandus
1105 2664 1138 2720 et
1151 2651 1254 2719 annis.

449 2765 598 2834 Reddere
611 2767 668 2859 qui
683 2792 778 2837 voces
788 2766 858 2857 jam
873 2765 934 2833 seit
946 2789 1045 2859 puer,
1058 2779 1091 2834 et
1103 2765 1186 2860 pede
1199 2779 1290 2835 certo

447 2879 563 2972 Signat
577 2877 734 2965 humum,
748 2878 846 2972 gestit
859 2879 995 2971 paribus
1009 2878 1193 2964 colludere,
1207 2893 1239 2947 et
1251 2878 1337 2947 iram

449 2990 586 3087 Colligit
599 3016 637 3061 ac
651 2992 746 3085 ponit
759 3007 902 3079 temere,
916 3008 949 3063 et
961 3008 1109 3062 mutatur
1123 2994 1157 3061 in
1171 2994 1278 3061 horas.

449 3105 611 3174 Imberbis
621 3107 769 3198 juvenis,
782 3105 916 3175 taudem
930 3107 1065 3176 custode
1080 3120 1224 3191 remoto,

450 3216 583 3287 Gaudet
595 3219 689 3310 equis
702 3218 906 3311 canibusque
919 3233 952 3287 et
965 3218 1070 3312 aprici
1084 3219 1233 3313 gramine
1245 3221 1387 3313 Campi,

449 3333 574 3400 Cereus
587 3333 622 3399 in
635 3332 753 3401 vitium
768 3331 874 3418 flecti,
887 3333 1108 3403 monitoribus
1121 3358 1230 3426 asper,

448 3442 591 3512 Utilium
606 3444 720 3513 tardus
734 3444 901 3537 provisor,
915 3446 1076 3540 prodigus
1089 3447 1181 3531 aeris,

448 3556 622 3644 Sublimis,
635 3557 857 3652 cupidusque,
870 3572 903 3627 et
915 3573 1024 3628 amata
1040 3557 1225 3652 relinquere
1238 3559 1369 3652 pernix.

450 3671 625 3740 Conversis
639 3671 774 3757 studiis,
786 3686 864 3741 aetas
876 3673 1072 3765 animusque
1088 3671 1193 3741 virilis

450 3785 578 3871 Quaerit
590 3809 671 3878 opes
682 3799 715 3854 et
727 3786 907 3872 amicitias,
921 3786 1056 3855 inservit
1068 3786 1206 3870 honori,
1240 3813 1243 3816 ‘

450 3896 661 3965 Commisisse
675 3913 785 3982 cavet,
799 3899 890 3991 quod
904 3915 981 3967 mox
994 3913 1123 3967 mutare
1136 3896 1272 3966 laboret.

427 4095 432 4106 ι
449 4006 557 4077 Multa
571 4033 679 4077 senem
695 4012 958 4080 circumveniunt
973 4011 1200 4096 incommodo,
1211 4009 1263 4079 vel
1277 4011 1374 4103 quod
