3325 5342
239 626 262 697 γ.
285 610 334 669 ¹39
420 607 731 673 snrrninun
763 607 919 673 monn
953 609 978 675 1.
1012 606 1042 676 3.
1162 607 1225 701 195

239 742 361 808 Praeter
374 736 586 829 Crispinum,
601 736 797 820 sectabitur3
811 736 941 805 etmihi
956 736 1067 806 dulces

240 856 435 946 ignoscent,
449 850 476 917 si
490 848 571 942 quid
586 872 724 942 peccaro
738 847 876 933 stultus,
889 851 1005 935 amici,

148 957 150 961 ’
239 967 345 1056 Inque
359 963 466 1030 vicem
481 960 616 1029 illorum
632 960 740 1054 patiar
754 960 874 1030 delicto
888 960 1045 1045 libenter,

239 1078 460 1166 Privatusque
473 1075 579 1167 magis
593 1075 701 1142 vivam
717 1088 749 1141 te
764 1099 841 1167 rege
854 1075 978 1143 boatus.

240 1319 1228 1344 mmmmsmwbmmmmwtmwwwsmmwwwn

554 1509 799 1595 SATIRA
839 1511 921 1595 IV.

241 1755 408 1835 Euenus,
420 1762 520 1842 atquc
533 1747 711 1831 Cratinus,
725 1747 1046 1842 Aristophanesque,
1060 1767 1180 1844 poetae,

242 1868 350 1956 Atque
362 1861 437 1947 olii,
450 1884 595 1954 quorum
609 1858 775 1927 comoedia
789 1860 897 1951 prisca
912 1861 1060 1931 virorum
1074 1880 1141 1951 est,

240 1979 274 2046 Si
289 1978 363 2069 quis
377 1990 448 2044 erat
461 1975 584 2069 dignus
598 1973 761 2059 describi,
774 1973 866 2065 quod
879 1973 986 2044 malus
999 2000 1039 2045 ac
1052 1978 1121 2065 fur,

241 2089 343 2179 Quod
355 2089 502 2159 moechus
516 2088 617 2172 foret,
631 2102 691 2157 aut
704 2086 860 2174 sicarius,
873 2103 931 2157 out
943 2089 1068 2183 alioqui

242 2207 420 2288 famosus,
432 2201 537 2270 multa
550 2226 626 2270 cum
643 2200 797 2269 libertate
810 2202 980 2270 notabant

241 2318 328 2385 Hinc
341 2317 450 2384 omnis
464 2315 586 2408 pendet
600 2313 768 2399 Lucilius,
781 2313 881 2383 hosce
894 2328 1043 2399 secutus,

239 2430 378 2499 Mutetis
392 2442 522 2497 tantum
535 2426 676 2521 pedihus
690 2427 922 2519 numerisque,
935 2427 1078 2511 facetus,

240 2546 409 2612 Emunctae
423 2542 532 2627 naris,
547 2537 650 2608 durus
664 2564 866 2633 componere
879 2565 1002 2610 versus.

240 2660 326 2729 Nam
340 2656 404 2724 fuit
417 2656 480 2725 hoc
492 2655 647 2740 vitiosus3
660 2655 695 2722 in
710 2653 792 2723 hors
807 2678 892 2748 saepe
906 2654 1082 2741 ducentos,

241 2775 287 2841 Ut
301 2794 478 2864 magnum,
491 2793 604 2837 versus
618 2767 781 2854 dictabat,
794 2783 885 2838 stans
900 2767 983 2863 pede
998 2770 1032 2836 in
1047 2794 1125 2838 uno.

240 2887 354 2975 Quum
368 2884 485 2953 flueret
499 2880 700 2966 lutulentus,
712 2898 784 2951 erat
797 2882 890 2977 quod
904 2882 1020 2973 tollere
1033 2883 1150 2969 velles3

241 2997 421 3083 Garrulus,
434 3010 534 3090 atque
548 2996 643 3090 piger
657 2995 823 3065 scribendi
838 2996 924 3065 ferre
938 2996 1104 3081 laborem,

240 3111 412 3181 Scribendi
427 3125 532 3195 recte3
545 3135 640 3194 nam,
654 3126 692 3179 ut
705 3111 867 3199 multum,
882 3112 927 3181 nil
943 3138 1066 3182 moror.
1082 3117 1166 3183 Ecce

241 3227 417 3320 Crispinus
430 3226 569 3293 minimo
583 3250 636 3294 me
650 3242 825 3319 provocat:
841 3269 889 3281 -
904 3229 1037 3322 Accipe,
1056 3228 1083 3296 si
1099 3229 1166 3313 vis,

242 3342 412 3433 Accipiam
428 3337 564 3408 tabulas.
579 3343 687 3409 Detur
701 3342 798 3410 nohis
812 3341 922 3427 locus,
935 3343 1035 3425 hora,

241 3453 422 3539 Custodes;
435 3452 622 3538 videamus,
635 3470 710 3523 uter
723 3454 798 3549 plus
813 3456 956 3524 scribere
970 3456 1083 3549 possit.
1099 3497 1147 3507 -

240 3567 285 3636 Di
300 3567 562 3653 benefecerunt,
576 3568 686 3662 inopis
701 3594 754 3638 me
768 3569 924 3663 quodque
939 3568 1049 3662 pusilli

240 3683 266 3747 F
269 3680 422 3749 inxerunt
434 3680 555 3765 animi,
570 3705 646 3748 raro
660 3696 694 3749 et
708 3706 872 3775 perpauca
888 3681 1062 3774 loquentis.

241 3794 285 3861 At
299 3806 335 3860 tu
349 3791 520 3862 conclusas
534 3792 674 3863 hircinis
690 3793 824 3863 follibus
838 3818 953 3877 auras,

240 3907 353 3998 Usque
368 3905 572 3993 laborantes,
586 3907 668 3977 dum
683 3908 806 3977 ferrum
821 3906 951 3975 molliat
966 3907 1069 4000 ignis,

241 4019 287 4085 Ut
299 4020 421 4101 mavis,
436 4018 574 4088 imitare.
590 4023 711 4089 Beatus
723 4021 888 4101 Fannius,
902 4017 990 4086 ultro

1080 4138 1118 4185 13.
