3325 5342
431 616 474 694 24
658 614 699 700 Q.
733 615 958 681 nonnuli
990 615 1184 681 nuncet

429 858 1410 885 wumwvwwuwbwwntuwsmmmmmmmmmwm

731 1053 873 1139 ODE
914 1054 1123 1138 XVIII.

792 1308 853 1363 AD
879 1306 1052 1363 VARUM.

429 1522 602 1601 Nonnisi,
614 1520 702 1585 Varo
717 1567 726 1600 ,
741 1537 831 1582 sacra
845 1515 911 1581 vite
924 1515 1016 1606 prius
1030 1517 1150 1584 severis
1163 1518 1315 1587 arborem

429 1631 527 1700 Circa
541 1630 620 1697 inite
634 1627 740 1696 solum
753 1626 888 1696 Tiburis
900 1640 933 1695 et
946 1627 1067 1695 moenia
1080 1628 1190 1698 Catili.

428 1744 530 1812 Siccis
543 1743 655 1810 omnia
670 1766 746 1809 narn
761 1740 845 1809 dura
858 1743 950 1809 Deus
964 1743 1154 1834 proposuit,
1167 1768 1274 1836 neque

429 1854 602 1923 Mordaces
616 1852 712 1920 aliter
725 1851 908 1945 diffugiunt
922 1850 1169 1924 sollicitudines.

429 1967 514 2055 Quis
527 1980 601 2058 post
614 1966 692 2031 vina
701 1988 834 2058 gravem
849 1963 1001 2032 militiam
1012 1980 1069 2033 aut
1079 1968 1269 2060 pauperiem
1279 1970 1413 2063 crepat?

428 2081 513 2169 Quis
523 2104 590 2147 non
601 2094 633 2146 te
642 2078 768 2171 potius,
777 2078 904 2147 Bacche
912 2095 1020 2172 pater,
1030 2096 1141 2172 teque,
1151 2081 1269 2151 decens
1278 2084 1412 2152 Venus?

428 2197 495 2279 Ac,
508 2193 637 2285 nequis
651 2192 772 2261 modici
787 2192 951 2261 transiliat
965 2218 1102 2262 munera
1117 2195 1248 2281 Liberi,

428 2309 613 2375 Centaurea
627 2319 740 2371 monet
753 2329 829 2372 curn
845 2305 996 2398 Lapithis
1011 2306 1080 2374 rixa
1095 2332 1193 2401 super
1207 2333 1297 2377 mero

427 2418 618 2504 Debellata3
631 2431 745 2486 monet
758 2418 919 2488 Sithoniis
932 2444 1000 2487 non
1015 2419 1095 2489 levis
1108 2422 1226 2508 Evius,

427 2534 541 2620 Quum
556 2531 604 2600 fas
617 2546 717 2622 atque
731 2530 822 2600 nefas
837 2531 956 2625 exiguo
971 2531 1038 2602 fine
1052 2531 1229 2602 libidinum

426 2644 740 2714 Discernuntavidi.
754 2646 831 2716 Non
846 2669 908 2738 ego
922 2659 971 2730 tc,
983 2645 1123 2714 candide
1136 2650 1311 2735 Bassareu,

426 2761 573 2827 Invitum
587 2760 752 2850 quatiam,
767 2783 827 2827 nec
841 2759 940 2827 variis
954 2759 1060 2826 obsita
1075 2759 1249 2828 frondibus

426 2873 494 2942 Sub
510 2872 622 2940 divum
637 2873 771 2964 rapiam.
786 2874 877 2939 Saeva
891 2884 966 2938 tene
978 2895 1054 2938 curn
1068 2872 1284 2965 Berecynthio

427 2990 542 3056 Cornu
556 3000 728 3079 tympana,
742 3007 814 3076 quae
828 2983 1040 3074 subsequitur
1053 3008 1157 3052 caecus
1170 3010 1265 3054 amor
1279 2989 1349 3074 sui,

425 3104 468 3169 Et
481 3098 598 3167 tollens
611 3122 750 3166 vacuum
766 3094 840 3189 plus
855 3097 959 3164 nimio
974 3097 1078 3192 gloria
1094 3099 1266 3185 verticem,

427 3213 614 3304 Arcanique
627 3211 708 3279 fides
723 3210 880 3303 prodiga,
894 3210 1096 3303 perlucidior
1110 3212 1204 3280 vitro.
